%YAML 1.1
%TAG !u! tag:unity3d.com,2011:
--- !u!1 &2847649545515699193
GameObject:
  m_ObjectHideFlags: 0
  m_CorrespondingSourceObject: {fileID: 0}
  m_PrefabInstance: {fileID: 0}
  m_PrefabAsset: {fileID: 0}
  serializedVersion: 6
  m_Component:
  - component: {fileID: 4833016166050143441}
  - component: {fileID: 3556985175116703482}
  m_Layer: 0
  m_Name: Level_34
  m_TagString: Untagged
  m_Icon: {fileID: 0}
  m_NavMeshLayer: 0
  m_StaticEditorFlags: 0
  m_IsActive: 1
--- !u!4 &4833016166050143441
Transform:
  m_ObjectHideFlags: 0
  m_CorrespondingSourceObject: {fileID: 0}
  m_PrefabInstance: {fileID: 0}
  m_PrefabAsset: {fileID: 0}
  m_GameObject: {fileID: 2847649545515699193}
  m_LocalRotation: {x: 0, y: -0.25682068, z: 0, w: 0.96645916}
  m_LocalPosition: {x: -6.42, y: 2.2175512, z: 27.6959}
  m_LocalScale: {x: 1, y: 1, z: 1}
  m_Children:
  - {fileID: 6764069859854375225}
  - {fileID: 3101894973088813749}
  - {fileID: 5779554106859017572}
  - {fileID: 264667242559857277}
  - {fileID: 6692221231460370652}
  - {fileID: 1029020250211265377}
  - {fileID: 3764300390453417795}
  - {fileID: 156342505798572851}
  - {fileID: 7831176204658057995}
  - {fileID: 6226762671016152714}
  - {fileID: 3454336918161330341}
  - {fileID: 3177082782960508815}
  - {fileID: 7263443157296042648}
  - {fileID: 4710516488379779390}
  - {fileID: 779799588305885008}
  - {fileID: 1411150804183202201}
  - {fileID: 3826980940680513503}
  m_Father: {fileID: 0}
  m_RootOrder: 0
  m_LocalEulerAnglesHint: {x: 0, y: -29.763, z: 0}
--- !u!114 &3556985175116703482
MonoBehaviour:
  m_ObjectHideFlags: 0
  m_CorrespondingSourceObject: {fileID: 0}
  m_PrefabInstance: {fileID: 0}
  m_PrefabAsset: {fileID: 0}
  m_GameObject: {fileID: 2847649545515699193}
  m_Enabled: 1
  m_EditorHideFlags: 0
  m_Script: {fileID: 11500000, guid: d512e0047caef1c4f9a7379a9e50d379, type: 3}
  m_Name: 
  m_EditorClassIdentifier: 
  prefab: {fileID: 2847649545515699193}
  boxDatas:
  - {fileID: 0}
  - {fileID: 0}
  - {fileID: 3031569177880934145}
  - {fileID: 8458198454436240800}
  BulletsToLevel: 5
  BoxCount: 4
  isCustomBulletsCount: 0
--- !u!1001 &190039631564342286
PrefabInstance:
  m_ObjectHideFlags: 0
  serializedVersion: 2
  m_Modification:
    m_TransformParent: {fileID: 4833016166050143441}
    m_Modifications:
    - target: {fileID: 569285589931641156, guid: 77dbf3e4715b49f4a961cb3ff0bb126d,
        type: 3}
      propertyPath: isFixedPosition
      value: 1
      objectReference: {fileID: 0}
    - target: {fileID: 5950998791595807082, guid: 77dbf3e4715b49f4a961cb3ff0bb126d,
        type: 3}
      propertyPath: m_LocalPosition.x
      value: 4.62
      objectReference: {fileID: 0}
    - target: {fileID: 5950998791595807082, guid: 77dbf3e4715b49f4a961cb3ff0bb126d,
        type: 3}
      propertyPath: m_LocalPosition.y
      value: 8.71
      objectReference: {fileID: 0}
    - target: {fileID: 5950998791595807082, guid: 77dbf3e4715b49f4a961cb3ff0bb126d,
        type: 3}
      propertyPath: m_LocalPosition.z
      value: -11.43
      objectReference: {fileID: 0}
    - target: {fileID: 5950998791595807082, guid: 77dbf3e4715b49f4a961cb3ff0bb126d,
        type: 3}
      propertyPath: m_LocalRotation.x
      value: 0.68097836
      objectReference: {fileID: 0}
    - target: {fileID: 5950998791595807082, guid: 77dbf3e4715b49f4a961cb3ff0bb126d,
        type: 3}
      propertyPath: m_LocalRotation.y
      value: 0.18223822
      objectReference: {fileID: 0}
    - target: {fileID: 5950998791595807082, guid: 77dbf3e4715b49f4a961cb3ff0bb126d,
        type: 3}
      propertyPath: m_LocalRotation.z
      value: -0.18095885
      objectReference: {fileID: 0}
    - target: {fileID: 5950998791595807082, guid: 77dbf3e4715b49f4a961cb3ff0bb126d,
        type: 3}
      propertyPath: m_LocalRotation.w
      value: 0.6857928
      objectReference: {fileID: 0}
    - target: {fileID: 5950998791595807082, guid: 77dbf3e4715b49f4a961cb3ff0bb126d,
        type: 3}
      propertyPath: m_RootOrder
      value: 2
      objectReference: {fileID: 0}
    - target: {fileID: 5950998791595807082, guid: 77dbf3e4715b49f4a961cb3ff0bb126d,
        type: 3}
      propertyPath: m_LocalEulerAnglesHint.x
      value: 89.596
      objectReference: {fileID: 0}
    - target: {fileID: 5950998791595807082, guid: 77dbf3e4715b49f4a961cb3ff0bb126d,
        type: 3}
      propertyPath: m_LocalEulerAnglesHint.y
      value: 29.763
      objectReference: {fileID: 0}
    - target: {fileID: 5950998791595807082, guid: 77dbf3e4715b49f4a961cb3ff0bb126d,
        type: 3}
      propertyPath: m_LocalEulerAnglesHint.z
      value: 0
      objectReference: {fileID: 0}
    - target: {fileID: 5950998791595807082, guid: 77dbf3e4715b49f4a961cb3ff0bb126d,
        type: 3}
      propertyPath: m_LocalScale.z
      value: 1.0000001
      objectReference: {fileID: 0}
    - target: {fileID: 7263576157189972857, guid: 77dbf3e4715b49f4a961cb3ff0bb126d,
        type: 3}
      propertyPath: m_Name
      value: pyramid_crack (1)
      objectReference: {fileID: 0}
    m_RemovedComponents: []
  m_SourcePrefab: {fileID: 100100000, guid: 77dbf3e4715b49f4a961cb3ff0bb126d, type: 3}
--- !u!4 &5779554106859017572 stripped
Transform:
  m_CorrespondingSourceObject: {fileID: 5950998791595807082, guid: 77dbf3e4715b49f4a961cb3ff0bb126d,
    type: 3}
  m_PrefabInstance: {fileID: 190039631564342286}
  m_PrefabAsset: {fileID: 0}
--- !u!1001 &223037476634733171
PrefabInstance:
  m_ObjectHideFlags: 0
  serializedVersion: 2
  m_Modification:
    m_TransformParent: {fileID: 4833016166050143441}
    m_Modifications:
    - target: {fileID: 26758112166584255, guid: 1b347e65150895b42ba880007e28acdf,
        type: 3}
      propertyPath: m_Name
      value: Tv
      objectReference: {fileID: 0}
    - target: {fileID: 3892316811740999084, guid: 1b347e65150895b42ba880007e28acdf,
        type: 3}
      propertyPath: m_LocalPosition.x
      value: 2.669826
      objectReference: {fileID: 0}
    - target: {fileID: 3892316811740999084, guid: 1b347e65150895b42ba880007e28acdf,
        type: 3}
      propertyPath: m_LocalPosition.y
      value: 4.0300508
      objectReference: {fileID: 0}
    - target: {fileID: 3892316811740999084, guid: 1b347e65150895b42ba880007e28acdf,
        type: 3}
      propertyPath: m_LocalPosition.z
      value: -8.556973
      objectReference: {fileID: 0}
    - target: {fileID: 3892316811740999084, guid: 1b347e65150895b42ba880007e28acdf,
        type: 3}
      propertyPath: m_LocalRotation.x
      value: 0.7787123
      objectReference: {fileID: 0}
    - target: {fileID: 3892316811740999084, guid: 1b347e65150895b42ba880007e28acdf,
        type: 3}
      propertyPath: m_LocalRotation.y
      value: 0.36436167
      objectReference: {fileID: 0}
    - target: {fileID: 3892316811740999084, guid: 1b347e65150895b42ba880007e28acdf,
        type: 3}
      propertyPath: m_LocalRotation.z
      value: 0.5075547
      objectReference: {fileID: 0}
    - target: {fileID: 3892316811740999084, guid: 1b347e65150895b42ba880007e28acdf,
        type: 3}
      propertyPath: m_LocalRotation.w
      value: -0.056886613
      objectReference: {fileID: 0}
    - target: {fileID: 3892316811740999084, guid: 1b347e65150895b42ba880007e28acdf,
        type: 3}
      propertyPath: m_RootOrder
      value: 16
      objectReference: {fileID: 0}
    - target: {fileID: 3892316811740999084, guid: 1b347e65150895b42ba880007e28acdf,
        type: 3}
      propertyPath: m_LocalEulerAnglesHint.x
      value: -27.288002
      objectReference: {fileID: 0}
    - target: {fileID: 3892316811740999084, guid: 1b347e65150895b42ba880007e28acdf,
        type: 3}
      propertyPath: m_LocalEulerAnglesHint.y
      value: 92.798004
      objectReference: {fileID: 0}
    - target: {fileID: 3892316811740999084, guid: 1b347e65150895b42ba880007e28acdf,
        type: 3}
      propertyPath: m_LocalEulerAnglesHint.z
      value: 145.00201
      objectReference: {fileID: 0}
    - target: {fileID: 3892316811740999084, guid: 1b347e65150895b42ba880007e28acdf,
        type: 3}
      propertyPath: m_LocalScale.x
      value: 0.9999999
      objectReference: {fileID: 0}
    - target: {fileID: 3892316811740999084, guid: 1b347e65150895b42ba880007e28acdf,
        type: 3}
      propertyPath: m_LocalScale.y
      value: 0.9999998
      objectReference: {fileID: 0}
    - target: {fileID: 3892316811740999084, guid: 1b347e65150895b42ba880007e28acdf,
        type: 3}
      propertyPath: m_LocalScale.z
      value: 0.9999999
      objectReference: {fileID: 0}
    m_RemovedComponents: []
  m_SourcePrefab: {fileID: 100100000, guid: 1b347e65150895b42ba880007e28acdf, type: 3}
--- !u!4 &3826980940680513503 stripped
Transform:
  m_CorrespondingSourceObject: {fileID: 3892316811740999084, guid: 1b347e65150895b42ba880007e28acdf,
    type: 3}
  m_PrefabInstance: {fileID: 223037476634733171}
  m_PrefabAsset: {fileID: 0}
--- !u!1001 &1029558635566274998
PrefabInstance:
  m_ObjectHideFlags: 0
  serializedVersion: 2
  m_Modification:
    m_TransformParent: {fileID: 4833016166050143441}
    m_Modifications:
    - target: {fileID: 5950998791595807082, guid: bde110e99bd8be34fb5625600844592c,
        type: 3}
      propertyPath: m_LocalPosition.x
      value: -1.09
      objectReference: {fileID: 0}
    - target: {fileID: 5950998791595807082, guid: bde110e99bd8be34fb5625600844592c,
        type: 3}
      propertyPath: m_LocalPosition.y
      value: 11.286524
      objectReference: {fileID: 0}
    - target: {fileID: 5950998791595807082, guid: bde110e99bd8be34fb5625600844592c,
        type: 3}
      propertyPath: m_LocalPosition.z
      value: -8.12
      objectReference: {fileID: 0}
    - target: {fileID: 5950998791595807082, guid: bde110e99bd8be34fb5625600844592c,
        type: 3}
      propertyPath: m_LocalRotation.x
      value: -0.6833898
      objectReference: {fileID: 0}
    - target: {fileID: 5950998791595807082, guid: bde110e99bd8be34fb5625600844592c,
        type: 3}
      propertyPath: m_LocalRotation.y
      value: 0.18159965
      objectReference: {fileID: 0}
    - target: {fileID: 5950998791595807082, guid: bde110e99bd8be34fb5625600844592c,
        type: 3}
      propertyPath: m_LocalRotation.z
      value: 0.18159965
      objectReference: {fileID: 0}
    - target: {fileID: 5950998791595807082, guid: bde110e99bd8be34fb5625600844592c,
        type: 3}
      propertyPath: m_LocalRotation.w
      value: 0.6833898
      objectReference: {fileID: 0}
    - target: {fileID: 5950998791595807082, guid: bde110e99bd8be34fb5625600844592c,
        type: 3}
      propertyPath: m_RootOrder
      value: 4
      objectReference: {fileID: 0}
    - target: {fileID: 5950998791595807082, guid: bde110e99bd8be34fb5625600844592c,
        type: 3}
      propertyPath: m_LocalEulerAnglesHint.x
      value: 0
      objectReference: {fileID: 0}
    - target: {fileID: 5950998791595807082, guid: bde110e99bd8be34fb5625600844592c,
        type: 3}
      propertyPath: m_LocalEulerAnglesHint.y
      value: 0
      objectReference: {fileID: 0}
    - target: {fileID: 5950998791595807082, guid: bde110e99bd8be34fb5625600844592c,
        type: 3}
      propertyPath: m_LocalEulerAnglesHint.z
      value: 0
      objectReference: {fileID: 0}
    - target: {fileID: 5950998791595807082, guid: bde110e99bd8be34fb5625600844592c,
        type: 3}
      propertyPath: m_LocalScale.z
      value: 1.0000001
      objectReference: {fileID: 0}
    - target: {fileID: 7263576157189972857, guid: bde110e99bd8be34fb5625600844592c,
        type: 3}
      propertyPath: m_Name
      value: pyramid_standart_2 (1)
      objectReference: {fileID: 0}
    m_RemovedComponents: []
  m_SourcePrefab: {fileID: 100100000, guid: bde110e99bd8be34fb5625600844592c, type: 3}
--- !u!4 &6692221231460370652 stripped
Transform:
  m_CorrespondingSourceObject: {fileID: 5950998791595807082, guid: bde110e99bd8be34fb5625600844592c,
    type: 3}
  m_PrefabInstance: {fileID: 1029558635566274998}
  m_PrefabAsset: {fileID: 0}
--- !u!114 &8458198454436240800 stripped
MonoBehaviour:
  m_CorrespondingSourceObject: {fileID: 8874401002698245142, guid: bde110e99bd8be34fb5625600844592c,
    type: 3}
  m_PrefabInstance: {fileID: 1029558635566274998}
  m_PrefabAsset: {fileID: 0}
  m_GameObject: {fileID: 0}
  m_Enabled: 1
  m_EditorHideFlags: 0
  m_Script: {fileID: 11500000, guid: 8a4981b7bd7341545a1c5270e443200a, type: 3}
  m_Name: 
  m_EditorClassIdentifier: 
--- !u!1001 &1484868179333106645
PrefabInstance:
  m_ObjectHideFlags: 0
  serializedVersion: 2
  m_Modification:
    m_TransformParent: {fileID: 4833016166050143441}
    m_Modifications:
    - target: {fileID: 8095115518428649798, guid: 667a19d4ecfec394281bac15e25246d2,
        type: 3}
      propertyPath: m_Name
      value: BlastBox
      objectReference: {fileID: 0}
    - target: {fileID: 8095115518428649805, guid: 667a19d4ecfec394281bac15e25246d2,
        type: 3}
      propertyPath: m_LocalPosition.x
      value: 3.064442
      objectReference: {fileID: 0}
    - target: {fileID: 8095115518428649805, guid: 667a19d4ecfec394281bac15e25246d2,
        type: 3}
      propertyPath: m_LocalPosition.y
      value: 5.402448
      objectReference: {fileID: 0}
    - target: {fileID: 8095115518428649805, guid: 667a19d4ecfec394281bac15e25246d2,
        type: 3}
      propertyPath: m_LocalPosition.z
      value: -7.596897
      objectReference: {fileID: 0}
    - target: {fileID: 8095115518428649805, guid: 667a19d4ecfec394281bac15e25246d2,
        type: 3}
      propertyPath: m_LocalRotation.x
      value: -0
      objectReference: {fileID: 0}
    - target: {fileID: 8095115518428649805, guid: 667a19d4ecfec394281bac15e25246d2,
        type: 3}
      propertyPath: m_LocalRotation.y
      value: 0.25682068
      objectReference: {fileID: 0}
    - target: {fileID: 8095115518428649805, guid: 667a19d4ecfec394281bac15e25246d2,
        type: 3}
      propertyPath: m_LocalRotation.z
      value: -0
      objectReference: {fileID: 0}
    - target: {fileID: 8095115518428649805, guid: 667a19d4ecfec394281bac15e25246d2,
        type: 3}
      propertyPath: m_LocalRotation.w
      value: 0.96645916
      objectReference: {fileID: 0}
    - target: {fileID: 8095115518428649805, guid: 667a19d4ecfec394281bac15e25246d2,
        type: 3}
      propertyPath: m_RootOrder
      value: 12
      objectReference: {fileID: 0}
    - target: {fileID: 8095115518428649805, guid: 667a19d4ecfec394281bac15e25246d2,
        type: 3}
      propertyPath: m_LocalEulerAnglesHint.x
      value: 0
      objectReference: {fileID: 0}
    - target: {fileID: 8095115518428649805, guid: 667a19d4ecfec394281bac15e25246d2,
        type: 3}
      propertyPath: m_LocalEulerAnglesHint.y
      value: 0
      objectReference: {fileID: 0}
    - target: {fileID: 8095115518428649805, guid: 667a19d4ecfec394281bac15e25246d2,
        type: 3}
      propertyPath: m_LocalEulerAnglesHint.z
      value: 0
      objectReference: {fileID: 0}
    m_RemovedComponents: []
  m_SourcePrefab: {fileID: 100100000, guid: 667a19d4ecfec394281bac15e25246d2, type: 3}
--- !u!4 &7263443157296042648 stripped
Transform:
  m_CorrespondingSourceObject: {fileID: 8095115518428649805, guid: 667a19d4ecfec394281bac15e25246d2,
    type: 3}
  m_PrefabInstance: {fileID: 1484868179333106645}
  m_PrefabAsset: {fileID: 0}
--- !u!1001 &1750534725427893909
PrefabInstance:
  m_ObjectHideFlags: 0
  serializedVersion: 2
  m_Modification:
    m_TransformParent: {fileID: 4833016166050143441}
    m_Modifications:
    - target: {fileID: 1886168856454263749, guid: 28994d030b276cc4ab8966ef62eb82c0,
        type: 3}
      propertyPath: m_Name
      value: barrel_1_standart (1)
      objectReference: {fileID: 0}
    - target: {fileID: 3203850766134182358, guid: 28994d030b276cc4ab8966ef62eb82c0,
        type: 3}
      propertyPath: m_LocalPosition.x
      value: 4.611777
      objectReference: {fileID: 0}
    - target: {fileID: 3203850766134182358, guid: 28994d030b276cc4ab8966ef62eb82c0,
        type: 3}
      propertyPath: m_LocalPosition.y
      value: 8.71617
      objectReference: {fileID: 0}
    - target: {fileID: 3203850766134182358, guid: 28994d030b276cc4ab8966ef62eb82c0,
        type: 3}
      propertyPath: m_LocalPosition.z
      value: -11.566446
      objectReference: {fileID: 0}
    - target: {fileID: 3203850766134182358, guid: 28994d030b276cc4ab8966ef62eb82c0,
        type: 3}
      propertyPath: m_LocalRotation.x
      value: -0.6833898
      objectReference: {fileID: 0}
    - target: {fileID: 3203850766134182358, guid: 28994d030b276cc4ab8966ef62eb82c0,
        type: 3}
      propertyPath: m_LocalRotation.y
      value: 0.18159965
      objectReference: {fileID: 0}
    - target: {fileID: 3203850766134182358, guid: 28994d030b276cc4ab8966ef62eb82c0,
        type: 3}
      propertyPath: m_LocalRotation.z
      value: 0.18159965
      objectReference: {fileID: 0}
    - target: {fileID: 3203850766134182358, guid: 28994d030b276cc4ab8966ef62eb82c0,
        type: 3}
      propertyPath: m_LocalRotation.w
      value: 0.6833898
      objectReference: {fileID: 0}
    - target: {fileID: 3203850766134182358, guid: 28994d030b276cc4ab8966ef62eb82c0,
        type: 3}
      propertyPath: m_RootOrder
      value: 6
      objectReference: {fileID: 0}
    - target: {fileID: 3203850766134182358, guid: 28994d030b276cc4ab8966ef62eb82c0,
        type: 3}
      propertyPath: m_LocalEulerAnglesHint.x
      value: 0
      objectReference: {fileID: 0}
    - target: {fileID: 3203850766134182358, guid: 28994d030b276cc4ab8966ef62eb82c0,
        type: 3}
      propertyPath: m_LocalEulerAnglesHint.y
      value: 0
      objectReference: {fileID: 0}
    - target: {fileID: 3203850766134182358, guid: 28994d030b276cc4ab8966ef62eb82c0,
        type: 3}
      propertyPath: m_LocalEulerAnglesHint.z
      value: 0
      objectReference: {fileID: 0}
    - target: {fileID: 3203850766134182358, guid: 28994d030b276cc4ab8966ef62eb82c0,
        type: 3}
      propertyPath: m_LocalScale.z
      value: 1.0000001
      objectReference: {fileID: 0}
    m_RemovedComponents: []
  m_SourcePrefab: {fileID: 100100000, guid: 28994d030b276cc4ab8966ef62eb82c0, type: 3}
--- !u!4 &3764300390453417795 stripped
Transform:
  m_CorrespondingSourceObject: {fileID: 3203850766134182358, guid: 28994d030b276cc4ab8966ef62eb82c0,
    type: 3}
  m_PrefabInstance: {fileID: 1750534725427893909}
  m_PrefabAsset: {fileID: 0}
--- !u!1001 &1994610434277075253
PrefabInstance:
  m_ObjectHideFlags: 0
  serializedVersion: 2
  m_Modification:
    m_TransformParent: {fileID: 4833016166050143441}
    m_Modifications:
    - target: {fileID: 2490520943095593304, guid: 94a6529517336a640acadf83feed8277,
        type: 3}
      propertyPath: m_Name
      value: Platform 4x4
      objectReference: {fileID: 0}
    - target: {fileID: 5075708703522729996, guid: 94a6529517336a640acadf83feed8277,
        type: 3}
      propertyPath: m_LocalPosition.x
      value: 1.8300774
      objectReference: {fileID: 0}
    - target: {fileID: 5075708703522729996, guid: 94a6529517336a640acadf83feed8277,
        type: 3}
      propertyPath: m_LocalPosition.y
      value: 1.9724486
      objectReference: {fileID: 0}
    - target: {fileID: 5075708703522729996, guid: 94a6529517336a640acadf83feed8277,
        type: 3}
      propertyPath: m_LocalPosition.z
      value: -9.51964
      objectReference: {fileID: 0}
    - target: {fileID: 5075708703522729996, guid: 94a6529517336a640acadf83feed8277,
        type: 3}
      propertyPath: m_LocalRotation.x
      value: -0
      objectReference: {fileID: 0}
    - target: {fileID: 5075708703522729996, guid: 94a6529517336a640acadf83feed8277,
        type: 3}
      propertyPath: m_LocalRotation.y
      value: 0.23785518
      objectReference: {fileID: 0}
    - target: {fileID: 5075708703522729996, guid: 94a6529517336a640acadf83feed8277,
        type: 3}
      propertyPath: m_LocalRotation.z
      value: -0
      objectReference: {fileID: 0}
    - target: {fileID: 5075708703522729996, guid: 94a6529517336a640acadf83feed8277,
        type: 3}
      propertyPath: m_LocalRotation.w
      value: 0.97130066
      objectReference: {fileID: 0}
    - target: {fileID: 5075708703522729996, guid: 94a6529517336a640acadf83feed8277,
        type: 3}
      propertyPath: m_RootOrder
      value: 0
      objectReference: {fileID: 0}
    - target: {fileID: 5075708703522729996, guid: 94a6529517336a640acadf83feed8277,
        type: 3}
      propertyPath: m_LocalEulerAnglesHint.x
      value: 0
      objectReference: {fileID: 0}
    - target: {fileID: 5075708703522729996, guid: 94a6529517336a640acadf83feed8277,
        type: 3}
      propertyPath: m_LocalEulerAnglesHint.y
      value: 27.52
      objectReference: {fileID: 0}
    - target: {fileID: 5075708703522729996, guid: 94a6529517336a640acadf83feed8277,
        type: 3}
      propertyPath: m_LocalEulerAnglesHint.z
      value: 0
      objectReference: {fileID: 0}
    - target: {fileID: 5075708703522729996, guid: 94a6529517336a640acadf83feed8277,
        type: 3}
      propertyPath: m_LocalScale.x
      value: 9.488149
      objectReference: {fileID: 0}
    - target: {fileID: 5075708703522729996, guid: 94a6529517336a640acadf83feed8277,
        type: 3}
      propertyPath: m_LocalScale.z
      value: 9.07585
      objectReference: {fileID: 0}
    - target: {fileID: 5075708703522729996, guid: 94a6529517336a640acadf83feed8277,
        type: 3}
      propertyPath: m_LocalScale.y
      value: 0.86
      objectReference: {fileID: 0}
    m_RemovedComponents: []
  m_SourcePrefab: {fileID: 100100000, guid: 94a6529517336a640acadf83feed8277, type: 3}
--- !u!4 &6764069859854375225 stripped
Transform:
  m_CorrespondingSourceObject: {fileID: 5075708703522729996, guid: 94a6529517336a640acadf83feed8277,
    type: 3}
  m_PrefabInstance: {fileID: 1994610434277075253}
  m_PrefabAsset: {fileID: 0}
--- !u!1001 &2463905756702583479
PrefabInstance:
  m_ObjectHideFlags: 0
  serializedVersion: 2
  m_Modification:
    m_TransformParent: {fileID: 4833016166050143441}
    m_Modifications:
    - target: {fileID: 1886168856454263749, guid: 28994d030b276cc4ab8966ef62eb82c0,
        type: 3}
      propertyPath: m_Name
      value: barrel_1_standart
      objectReference: {fileID: 0}
    - target: {fileID: 3203850766134182358, guid: 28994d030b276cc4ab8966ef62eb82c0,
        type: 3}
      propertyPath: m_LocalPosition.x
      value: -1.175
      objectReference: {fileID: 0}
    - target: {fileID: 3203850766134182358, guid: 28994d030b276cc4ab8966ef62eb82c0,
        type: 3}
      propertyPath: m_LocalPosition.y
      value: 8.715881
      objectReference: {fileID: 0}
    - target: {fileID: 3203850766134182358, guid: 28994d030b276cc4ab8966ef62eb82c0,
        type: 3}
      propertyPath: m_LocalPosition.z
      value: -8.186
      objectReference: {fileID: 0}
    - target: {fileID: 3203850766134182358, guid: 28994d030b276cc4ab8966ef62eb82c0,
        type: 3}
      propertyPath: m_LocalRotation.x
      value: -0.6833898
      objectReference: {fileID: 0}
    - target: {fileID: 3203850766134182358, guid: 28994d030b276cc4ab8966ef62eb82c0,
        type: 3}
      propertyPath: m_LocalRotation.y
      value: 0.18159965
      objectReference: {fileID: 0}
    - target: {fileID: 3203850766134182358, guid: 28994d030b276cc4ab8966ef62eb82c0,
        type: 3}
      propertyPath: m_LocalRotation.z
      value: 0.18159965
      objectReference: {fileID: 0}
    - target: {fileID: 3203850766134182358, guid: 28994d030b276cc4ab8966ef62eb82c0,
        type: 3}
      propertyPath: m_LocalRotation.w
      value: 0.6833898
      objectReference: {fileID: 0}
    - target: {fileID: 3203850766134182358, guid: 28994d030b276cc4ab8966ef62eb82c0,
        type: 3}
      propertyPath: m_RootOrder
      value: 5
      objectReference: {fileID: 0}
    - target: {fileID: 3203850766134182358, guid: 28994d030b276cc4ab8966ef62eb82c0,
        type: 3}
      propertyPath: m_LocalEulerAnglesHint.x
      value: 0
      objectReference: {fileID: 0}
    - target: {fileID: 3203850766134182358, guid: 28994d030b276cc4ab8966ef62eb82c0,
        type: 3}
      propertyPath: m_LocalEulerAnglesHint.y
      value: 0
      objectReference: {fileID: 0}
    - target: {fileID: 3203850766134182358, guid: 28994d030b276cc4ab8966ef62eb82c0,
        type: 3}
      propertyPath: m_LocalEulerAnglesHint.z
      value: 0
      objectReference: {fileID: 0}
    - target: {fileID: 3203850766134182358, guid: 28994d030b276cc4ab8966ef62eb82c0,
        type: 3}
      propertyPath: m_LocalScale.z
      value: 1.0000001
      objectReference: {fileID: 0}
    m_RemovedComponents: []
  m_SourcePrefab: {fileID: 100100000, guid: 28994d030b276cc4ab8966ef62eb82c0, type: 3}
--- !u!4 &1029020250211265377 stripped
Transform:
  m_CorrespondingSourceObject: {fileID: 3203850766134182358, guid: 28994d030b276cc4ab8966ef62eb82c0,
    type: 3}
  m_PrefabInstance: {fileID: 2463905756702583479}
  m_PrefabAsset: {fileID: 0}
--- !u!1001 &2755718104656222151
PrefabInstance:
  m_ObjectHideFlags: 0
  serializedVersion: 2
  m_Modification:
    m_TransformParent: {fileID: 4833016166050143441}
    m_Modifications:
    - target: {fileID: 8095115518428649798, guid: 40eca5cb47df3c8489c5c594a6915452,
        type: 3}
      propertyPath: m_Name
      value: StandartBox_wood_2
      objectReference: {fileID: 0}
    - target: {fileID: 8095115518428649805, guid: 40eca5cb47df3c8489c5c594a6915452,
        type: 3}
      propertyPath: m_LocalPosition.x
      value: 1.32
      objectReference: {fileID: 0}
    - target: {fileID: 8095115518428649805, guid: 40eca5cb47df3c8489c5c594a6915452,
        type: 3}
      propertyPath: m_LocalPosition.y
      value: 3.4024482
      objectReference: {fileID: 0}
    - target: {fileID: 8095115518428649805, guid: 40eca5cb47df3c8489c5c594a6915452,
        type: 3}
      propertyPath: m_LocalPosition.z
      value: -6.61
      objectReference: {fileID: 0}
    - target: {fileID: 8095115518428649805, guid: 40eca5cb47df3c8489c5c594a6915452,
        type: 3}
      propertyPath: m_LocalRotation.x
      value: -0
      objectReference: {fileID: 0}
    - target: {fileID: 8095115518428649805, guid: 40eca5cb47df3c8489c5c594a6915452,
        type: 3}
      propertyPath: m_LocalRotation.y
      value: 0.25682068
      objectReference: {fileID: 0}
    - target: {fileID: 8095115518428649805, guid: 40eca5cb47df3c8489c5c594a6915452,
        type: 3}
      propertyPath: m_LocalRotation.z
      value: -0
      objectReference: {fileID: 0}
    - target: {fileID: 8095115518428649805, guid: 40eca5cb47df3c8489c5c594a6915452,
        type: 3}
      propertyPath: m_LocalRotation.w
      value: 0.96645916
      objectReference: {fileID: 0}
    - target: {fileID: 8095115518428649805, guid: 40eca5cb47df3c8489c5c594a6915452,
        type: 3}
      propertyPath: m_RootOrder
      value: 9
      objectReference: {fileID: 0}
    - target: {fileID: 8095115518428649805, guid: 40eca5cb47df3c8489c5c594a6915452,
        type: 3}
      propertyPath: m_LocalEulerAnglesHint.x
      value: 0
      objectReference: {fileID: 0}
    - target: {fileID: 8095115518428649805, guid: 40eca5cb47df3c8489c5c594a6915452,
        type: 3}
      propertyPath: m_LocalEulerAnglesHint.y
      value: 0
      objectReference: {fileID: 0}
    - target: {fileID: 8095115518428649805, guid: 40eca5cb47df3c8489c5c594a6915452,
        type: 3}
      propertyPath: m_LocalEulerAnglesHint.z
      value: 0
      objectReference: {fileID: 0}
    m_RemovedComponents: []
  m_SourcePrefab: {fileID: 100100000, guid: 40eca5cb47df3c8489c5c594a6915452, type: 3}
--- !u!4 &6226762671016152714 stripped
Transform:
  m_CorrespondingSourceObject: {fileID: 8095115518428649805, guid: 40eca5cb47df3c8489c5c594a6915452,
    type: 3}
  m_PrefabInstance: {fileID: 2755718104656222151}
  m_PrefabAsset: {fileID: 0}
--- !u!1001 &3340876948567071461
PrefabInstance:
  m_ObjectHideFlags: 0
  serializedVersion: 2
  m_Modification:
    m_TransformParent: {fileID: 4833016166050143441}
    m_Modifications:
    - target: {fileID: 1886168856454263749, guid: 441a440a6c3468740b73b0d4786aab68,
        type: 3}
      propertyPath: m_Name
      value: barrel_1_Blast
      objectReference: {fileID: 0}
    - target: {fileID: 3203850766134182358, guid: 441a440a6c3468740b73b0d4786aab68,
        type: 3}
      propertyPath: m_LocalPosition.x
      value: -1.09
      objectReference: {fileID: 0}
    - target: {fileID: 3203850766134182358, guid: 441a440a6c3468740b73b0d4786aab68,
        type: 3}
      propertyPath: m_LocalPosition.y
      value: 2.4
      objectReference: {fileID: 0}
    - target: {fileID: 3203850766134182358, guid: 441a440a6c3468740b73b0d4786aab68,
        type: 3}
      propertyPath: m_LocalPosition.z
      value: -8.1
      objectReference: {fileID: 0}
    - target: {fileID: 3203850766134182358, guid: 441a440a6c3468740b73b0d4786aab68,
        type: 3}
      propertyPath: m_LocalRotation.x
      value: -0.6833898
      objectReference: {fileID: 0}
    - target: {fileID: 3203850766134182358, guid: 441a440a6c3468740b73b0d4786aab68,
        type: 3}
      propertyPath: m_LocalRotation.y
      value: 0.18159965
      objectReference: {fileID: 0}
    - target: {fileID: 3203850766134182358, guid: 441a440a6c3468740b73b0d4786aab68,
        type: 3}
      propertyPath: m_LocalRotation.z
      value: 0.18159965
      objectReference: {fileID: 0}
    - target: {fileID: 3203850766134182358, guid: 441a440a6c3468740b73b0d4786aab68,
        type: 3}
      propertyPath: m_LocalRotation.w
      value: 0.6833898
      objectReference: {fileID: 0}
    - target: {fileID: 3203850766134182358, guid: 441a440a6c3468740b73b0d4786aab68,
        type: 3}
      propertyPath: m_RootOrder
      value: 7
      objectReference: {fileID: 0}
    - target: {fileID: 3203850766134182358, guid: 441a440a6c3468740b73b0d4786aab68,
        type: 3}
      propertyPath: m_LocalEulerAnglesHint.x
      value: 0
      objectReference: {fileID: 0}
    - target: {fileID: 3203850766134182358, guid: 441a440a6c3468740b73b0d4786aab68,
        type: 3}
      propertyPath: m_LocalEulerAnglesHint.y
      value: 0
      objectReference: {fileID: 0}
    - target: {fileID: 3203850766134182358, guid: 441a440a6c3468740b73b0d4786aab68,
        type: 3}
      propertyPath: m_LocalEulerAnglesHint.z
      value: 0
      objectReference: {fileID: 0}
    - target: {fileID: 3203850766134182358, guid: 441a440a6c3468740b73b0d4786aab68,
        type: 3}
      propertyPath: m_LocalScale.z
      value: 1.0000001
      objectReference: {fileID: 0}
    m_RemovedComponents: []
  m_SourcePrefab: {fileID: 100100000, guid: 441a440a6c3468740b73b0d4786aab68, type: 3}
--- !u!4 &156342505798572851 stripped
Transform:
  m_CorrespondingSourceObject: {fileID: 3203850766134182358, guid: 441a440a6c3468740b73b0d4786aab68,
    type: 3}
  m_PrefabInstance: {fileID: 3340876948567071461}
  m_PrefabAsset: {fileID: 0}
--- !u!1001 &4600995084255058969
PrefabInstance:
  m_ObjectHideFlags: 0
  serializedVersion: 2
  m_Modification:
    m_TransformParent: {fileID: 4833016166050143441}
    m_Modifications:
    - target: {fileID: 239599965053548890, guid: 265635f1adaccf04f9872989a8a34542,
        type: 3}
      propertyPath: m_Name
      value: StandartCorner_wood_2 (1)
      objectReference: {fileID: 0}
    - target: {fileID: 3821413405967813449, guid: 265635f1adaccf04f9872989a8a34542,
        type: 3}
      propertyPath: m_LocalPosition.x
      value: 5.327
      objectReference: {fileID: 0}
    - target: {fileID: 3821413405967813449, guid: 265635f1adaccf04f9872989a8a34542,
        type: 3}
      propertyPath: m_LocalPosition.y
      value: 5.4024
      objectReference: {fileID: 0}
    - target: {fileID: 3821413405967813449, guid: 265635f1adaccf04f9872989a8a34542,
        type: 3}
      propertyPath: m_LocalPosition.z
      value: -7.703
      objectReference: {fileID: 0}
    - target: {fileID: 3821413405967813449, guid: 265635f1adaccf04f9872989a8a34542,
        type: 3}
      propertyPath: m_LocalRotation.x
      value: -0.18074363
      objectReference: {fileID: 0}
    - target: {fileID: 3821413405967813449, guid: 265635f1adaccf04f9872989a8a34542,
        type: 3}
      propertyPath: m_LocalRotation.y
      value: -0.68361694
      objectReference: {fileID: 0}
    - target: {fileID: 3821413405967813449, guid: 265635f1adaccf04f9872989a8a34542,
        type: 3}
      propertyPath: m_LocalRotation.z
      value: -0.6836164
      objectReference: {fileID: 0}
    - target: {fileID: 3821413405967813449, guid: 265635f1adaccf04f9872989a8a34542,
        type: 3}
      propertyPath: m_LocalRotation.w
      value: 0.18074378
      objectReference: {fileID: 0}
    - target: {fileID: 3821413405967813449, guid: 265635f1adaccf04f9872989a8a34542,
        type: 3}
      propertyPath: m_RootOrder
      value: 14
      objectReference: {fileID: 0}
    - target: {fileID: 3821413405967813449, guid: 265635f1adaccf04f9872989a8a34542,
        type: 3}
      propertyPath: m_LocalEulerAnglesHint.x
      value: -90.00001
      objectReference: {fileID: 0}
    - target: {fileID: 3821413405967813449, guid: 265635f1adaccf04f9872989a8a34542,
        type: 3}
      propertyPath: m_LocalEulerAnglesHint.y
      value: 0
      objectReference: {fileID: 0}
    - target: {fileID: 3821413405967813449, guid: 265635f1adaccf04f9872989a8a34542,
        type: 3}
      propertyPath: m_LocalEulerAnglesHint.z
      value: -150.38
      objectReference: {fileID: 0}
    - target: {fileID: 3821413405967813449, guid: 265635f1adaccf04f9872989a8a34542,
        type: 3}
      propertyPath: m_LocalScale.z
      value: 1.0000001
      objectReference: {fileID: 0}
    m_RemovedComponents: []
  m_SourcePrefab: {fileID: 100100000, guid: 265635f1adaccf04f9872989a8a34542, type: 3}
--- !u!4 &779799588305885008 stripped
Transform:
  m_CorrespondingSourceObject: {fileID: 3821413405967813449, guid: 265635f1adaccf04f9872989a8a34542,
    type: 3}
  m_PrefabInstance: {fileID: 4600995084255058969}
  m_PrefabAsset: {fileID: 0}
--- !u!1001 &4673522587822203613
PrefabInstance:
  m_ObjectHideFlags: 0
  serializedVersion: 2
  m_Modification:
    m_TransformParent: {fileID: 4833016166050143441}
    m_Modifications:
    - target: {fileID: 1886168856454263749, guid: 441a440a6c3468740b73b0d4786aab68,
        type: 3}
      propertyPath: m_Name
      value: barrel_1_Blast (1)
      objectReference: {fileID: 0}
    - target: {fileID: 3203850766134182358, guid: 441a440a6c3468740b73b0d4786aab68,
        type: 3}
      propertyPath: m_LocalPosition.x
      value: 4.67
      objectReference: {fileID: 0}
    - target: {fileID: 3203850766134182358, guid: 441a440a6c3468740b73b0d4786aab68,
        type: 3}
      propertyPath: m_LocalPosition.y
      value: 2.4
      objectReference: {fileID: 0}
    - target: {fileID: 3203850766134182358, guid: 441a440a6c3468740b73b0d4786aab68,
        type: 3}
      propertyPath: m_LocalPosition.z
      value: -11.39
      objectReference: {fileID: 0}
    - target: {fileID: 3203850766134182358, guid: 441a440a6c3468740b73b0d4786aab68,
        type: 3}
      propertyPath: m_LocalRotation.x
      value: -0.6833898
      objectReference: {fileID: 0}
    - target: {fileID: 3203850766134182358, guid: 441a440a6c3468740b73b0d4786aab68,
        type: 3}
      propertyPath: m_LocalRotation.y
      value: 0.18159965
      objectReference: {fileID: 0}
    - target: {fileID: 3203850766134182358, guid: 441a440a6c3468740b73b0d4786aab68,
        type: 3}
      propertyPath: m_LocalRotation.z
      value: 0.18159965
      objectReference: {fileID: 0}
    - target: {fileID: 3203850766134182358, guid: 441a440a6c3468740b73b0d4786aab68,
        type: 3}
      propertyPath: m_LocalRotation.w
      value: 0.6833898
      objectReference: {fileID: 0}
    - target: {fileID: 3203850766134182358, guid: 441a440a6c3468740b73b0d4786aab68,
        type: 3}
      propertyPath: m_RootOrder
      value: 8
      objectReference: {fileID: 0}
    - target: {fileID: 3203850766134182358, guid: 441a440a6c3468740b73b0d4786aab68,
        type: 3}
      propertyPath: m_LocalEulerAnglesHint.x
      value: 0
      objectReference: {fileID: 0}
    - target: {fileID: 3203850766134182358, guid: 441a440a6c3468740b73b0d4786aab68,
        type: 3}
      propertyPath: m_LocalEulerAnglesHint.y
      value: 0
      objectReference: {fileID: 0}
    - target: {fileID: 3203850766134182358, guid: 441a440a6c3468740b73b0d4786aab68,
        type: 3}
      propertyPath: m_LocalEulerAnglesHint.z
      value: 0
      objectReference: {fileID: 0}
    - target: {fileID: 3203850766134182358, guid: 441a440a6c3468740b73b0d4786aab68,
        type: 3}
      propertyPath: m_LocalScale.z
      value: 1.0000001
      objectReference: {fileID: 0}
    m_RemovedComponents: []
  m_SourcePrefab: {fileID: 100100000, guid: 441a440a6c3468740b73b0d4786aab68, type: 3}
--- !u!4 &7831176204658057995 stripped
Transform:
  m_CorrespondingSourceObject: {fileID: 3203850766134182358, guid: 441a440a6c3468740b73b0d4786aab68,
    type: 3}
  m_PrefabInstance: {fileID: 4673522587822203613}
  m_PrefabAsset: {fileID: 0}
--- !u!1001 &4684689128040720627
PrefabInstance:
  m_ObjectHideFlags: 0
  serializedVersion: 2
  m_Modification:
    m_TransformParent: {fileID: 4833016166050143441}
    m_Modifications:
    - target: {fileID: 5950998791595807082, guid: a7ddb217c92b4e34db243735fcad2b9f,
        type: 3}
      propertyPath: m_LocalPosition.x
      value: 3.56
      objectReference: {fileID: 0}
    - target: {fileID: 5950998791595807082, guid: a7ddb217c92b4e34db243735fcad2b9f,
        type: 3}
      propertyPath: m_LocalPosition.y
      value: 6.4024477
      objectReference: {fileID: 0}
    - target: {fileID: 5950998791595807082, guid: a7ddb217c92b4e34db243735fcad2b9f,
        type: 3}
      propertyPath: m_LocalPosition.z
      value: -6.76
      objectReference: {fileID: 0}
    - target: {fileID: 5950998791595807082, guid: a7ddb217c92b4e34db243735fcad2b9f,
        type: 3}
      propertyPath: m_LocalRotation.x
      value: -0.6833898
      objectReference: {fileID: 0}
    - target: {fileID: 5950998791595807082, guid: a7ddb217c92b4e34db243735fcad2b9f,
        type: 3}
      propertyPath: m_LocalRotation.y
      value: 0.18159965
      objectReference: {fileID: 0}
    - target: {fileID: 5950998791595807082, guid: a7ddb217c92b4e34db243735fcad2b9f,
        type: 3}
      propertyPath: m_LocalRotation.z
      value: 0.18159965
      objectReference: {fileID: 0}
    - target: {fileID: 5950998791595807082, guid: a7ddb217c92b4e34db243735fcad2b9f,
        type: 3}
      propertyPath: m_LocalRotation.w
      value: 0.6833898
      objectReference: {fileID: 0}
    - target: {fileID: 5950998791595807082, guid: a7ddb217c92b4e34db243735fcad2b9f,
        type: 3}
      propertyPath: m_RootOrder
      value: 15
      objectReference: {fileID: 0}
    - target: {fileID: 5950998791595807082, guid: a7ddb217c92b4e34db243735fcad2b9f,
        type: 3}
      propertyPath: m_LocalEulerAnglesHint.x
      value: 0
      objectReference: {fileID: 0}
    - target: {fileID: 5950998791595807082, guid: a7ddb217c92b4e34db243735fcad2b9f,
        type: 3}
      propertyPath: m_LocalEulerAnglesHint.y
      value: 0
      objectReference: {fileID: 0}
    - target: {fileID: 5950998791595807082, guid: a7ddb217c92b4e34db243735fcad2b9f,
        type: 3}
      propertyPath: m_LocalEulerAnglesHint.z
      value: 0
      objectReference: {fileID: 0}
    - target: {fileID: 5950998791595807082, guid: a7ddb217c92b4e34db243735fcad2b9f,
        type: 3}
      propertyPath: m_LocalScale.z
      value: 1.0000001
      objectReference: {fileID: 0}
    - target: {fileID: 7263576157189972857, guid: a7ddb217c92b4e34db243735fcad2b9f,
        type: 3}
      propertyPath: m_Name
      value: pyramid_standart_3
      objectReference: {fileID: 0}
    m_RemovedComponents: []
  m_SourcePrefab: {fileID: 100100000, guid: a7ddb217c92b4e34db243735fcad2b9f, type: 3}
--- !u!4 &1411150804183202201 stripped
Transform:
  m_CorrespondingSourceObject: {fileID: 5950998791595807082, guid: a7ddb217c92b4e34db243735fcad2b9f,
    type: 3}
  m_PrefabInstance: {fileID: 4684689128040720627}
  m_PrefabAsset: {fileID: 0}
--- !u!1001 &5853123343564059415
PrefabInstance:
  m_ObjectHideFlags: 0
  serializedVersion: 2
  m_Modification:
    m_TransformParent: {fileID: 4833016166050143441}
    m_Modifications:
    - target: {fileID: 5950998791595807082, guid: bde110e99bd8be34fb5625600844592c,
        type: 3}
      propertyPath: m_LocalPosition.x
      value: 4.7
      objectReference: {fileID: 0}
    - target: {fileID: 5950998791595807082, guid: bde110e99bd8be34fb5625600844592c,
        type: 3}
      propertyPath: m_LocalPosition.y
      value: 11.286524
      objectReference: {fileID: 0}
    - target: {fileID: 5950998791595807082, guid: bde110e99bd8be34fb5625600844592c,
        type: 3}
      propertyPath: m_LocalPosition.z
      value: -11.42
      objectReference: {fileID: 0}
    - target: {fileID: 5950998791595807082, guid: bde110e99bd8be34fb5625600844592c,
        type: 3}
      propertyPath: m_LocalRotation.x
      value: -0.6833898
      objectReference: {fileID: 0}
    - target: {fileID: 5950998791595807082, guid: bde110e99bd8be34fb5625600844592c,
        type: 3}
      propertyPath: m_LocalRotation.y
      value: 0.18159965
      objectReference: {fileID: 0}
    - target: {fileID: 5950998791595807082, guid: bde110e99bd8be34fb5625600844592c,
        type: 3}
      propertyPath: m_LocalRotation.z
      value: 0.18159965
      objectReference: {fileID: 0}
    - target: {fileID: 5950998791595807082, guid: bde110e99bd8be34fb5625600844592c,
        type: 3}
      propertyPath: m_LocalRotation.w
      value: 0.6833898
      objectReference: {fileID: 0}
    - target: {fileID: 5950998791595807082, guid: bde110e99bd8be34fb5625600844592c,
        type: 3}
      propertyPath: m_RootOrder
      value: 3
      objectReference: {fileID: 0}
    - target: {fileID: 5950998791595807082, guid: bde110e99bd8be34fb5625600844592c,
        type: 3}
      propertyPath: m_LocalEulerAnglesHint.x
      value: 0
      objectReference: {fileID: 0}
    - target: {fileID: 5950998791595807082, guid: bde110e99bd8be34fb5625600844592c,
        type: 3}
      propertyPath: m_LocalEulerAnglesHint.y
      value: 0
      objectReference: {fileID: 0}
    - target: {fileID: 5950998791595807082, guid: bde110e99bd8be34fb5625600844592c,
        type: 3}
      propertyPath: m_LocalEulerAnglesHint.z
      value: 0
      objectReference: {fileID: 0}
    - target: {fileID: 5950998791595807082, guid: bde110e99bd8be34fb5625600844592c,
        type: 3}
      propertyPath: m_LocalScale.z
      value: 1.0000001
      objectReference: {fileID: 0}
    - target: {fileID: 7263576157189972857, guid: bde110e99bd8be34fb5625600844592c,
        type: 3}
      propertyPath: m_Name
      value: pyramid_standart_2
      objectReference: {fileID: 0}
    m_RemovedComponents: []
  m_SourcePrefab: {fileID: 100100000, guid: bde110e99bd8be34fb5625600844592c, type: 3}
--- !u!4 &264667242559857277 stripped
Transform:
  m_CorrespondingSourceObject: {fileID: 5950998791595807082, guid: bde110e99bd8be34fb5625600844592c,
    type: 3}
  m_PrefabInstance: {fileID: 5853123343564059415}
  m_PrefabAsset: {fileID: 0}
--- !u!114 &3031569177880934145 stripped
MonoBehaviour:
  m_CorrespondingSourceObject: {fileID: 8874401002698245142, guid: bde110e99bd8be34fb5625600844592c,
    type: 3}
  m_PrefabInstance: {fileID: 5853123343564059415}
  m_PrefabAsset: {fileID: 0}
  m_GameObject: {fileID: 0}
  m_Enabled: 1
  m_EditorHideFlags: 0
  m_Script: {fileID: 11500000, guid: 8a4981b7bd7341545a1c5270e443200a, type: 3}
  m_Name: 
  m_EditorClassIdentifier: 
--- !u!1001 &6647563025013262018
PrefabInstance:
  m_ObjectHideFlags: 0
  serializedVersion: 2
  m_Modification:
    m_TransformParent: {fileID: 4833016166050143441}
    m_Modifications:
    - target: {fileID: 8095115518428649798, guid: 40eca5cb47df3c8489c5c594a6915452,
        type: 3}
      propertyPath: m_Name
      value: StandartBox_wood_2 (2)
      objectReference: {fileID: 0}
    - target: {fileID: 8095115518428649805, guid: 40eca5cb47df3c8489c5c594a6915452,
        type: 3}
      propertyPath: m_LocalPosition.x
      value: 4.7962
      objectReference: {fileID: 0}
    - target: {fileID: 8095115518428649805, guid: 40eca5cb47df3c8489c5c594a6915452,
        type: 3}
      propertyPath: m_LocalPosition.y
      value: 3.4024482
      objectReference: {fileID: 0}
    - target: {fileID: 8095115518428649805, guid: 40eca5cb47df3c8489c5c594a6915452,
        type: 3}
      propertyPath: m_LocalPosition.z
      value: -8.5928
      objectReference: {fileID: 0}
    - target: {fileID: 8095115518428649805, guid: 40eca5cb47df3c8489c5c594a6915452,
        type: 3}
      propertyPath: m_LocalRotation.x
      value: -0
      objectReference: {fileID: 0}
    - target: {fileID: 8095115518428649805, guid: 40eca5cb47df3c8489c5c594a6915452,
        type: 3}
      propertyPath: m_LocalRotation.y
      value: 0.25682068
      objectReference: {fileID: 0}
    - target: {fileID: 8095115518428649805, guid: 40eca5cb47df3c8489c5c594a6915452,
        type: 3}
      propertyPath: m_LocalRotation.z
      value: -0
      objectReference: {fileID: 0}
    - target: {fileID: 8095115518428649805, guid: 40eca5cb47df3c8489c5c594a6915452,
        type: 3}
      propertyPath: m_LocalRotation.w
      value: 0.96645916
      objectReference: {fileID: 0}
    - target: {fileID: 8095115518428649805, guid: 40eca5cb47df3c8489c5c594a6915452,
        type: 3}
      propertyPath: m_RootOrder
      value: 11
      objectReference: {fileID: 0}
    - target: {fileID: 8095115518428649805, guid: 40eca5cb47df3c8489c5c594a6915452,
        type: 3}
      propertyPath: m_LocalEulerAnglesHint.x
      value: 0
      objectReference: {fileID: 0}
    - target: {fileID: 8095115518428649805, guid: 40eca5cb47df3c8489c5c594a6915452,
        type: 3}
      propertyPath: m_LocalEulerAnglesHint.y
      value: 0
      objectReference: {fileID: 0}
    - target: {fileID: 8095115518428649805, guid: 40eca5cb47df3c8489c5c594a6915452,
        type: 3}
      propertyPath: m_LocalEulerAnglesHint.z
      value: 0
      objectReference: {fileID: 0}
    m_RemovedComponents: []
  m_SourcePrefab: {fileID: 100100000, guid: 40eca5cb47df3c8489c5c594a6915452, type: 3}
--- !u!4 &3177082782960508815 stripped
Transform:
  m_CorrespondingSourceObject: {fileID: 8095115518428649805, guid: 40eca5cb47df3c8489c5c594a6915452,
    type: 3}
  m_PrefabInstance: {fileID: 6647563025013262018}
  m_PrefabAsset: {fileID: 0}
--- !u!1001 &6892730146692205032
PrefabInstance:
  m_ObjectHideFlags: 0
  serializedVersion: 2
  m_Modification:
    m_TransformParent: {fileID: 4833016166050143441}
    m_Modifications:
    - target: {fileID: 8095115518428649798, guid: 40eca5cb47df3c8489c5c594a6915452,
        type: 3}
      propertyPath: m_Name
      value: StandartBox_wood_2 (1)
      objectReference: {fileID: 0}
    - target: {fileID: 8095115518428649805, guid: 40eca5cb47df3c8489c5c594a6915452,
        type: 3}
      propertyPath: m_LocalPosition.x
      value: 3.06
      objectReference: {fileID: 0}
    - target: {fileID: 8095115518428649805, guid: 40eca5cb47df3c8489c5c594a6915452,
        type: 3}
      propertyPath: m_LocalPosition.y
      value: 3.4024482
      objectReference: {fileID: 0}
    - target: {fileID: 8095115518428649805, guid: 40eca5cb47df3c8489c5c594a6915452,
        type: 3}
      propertyPath: m_LocalPosition.z
      value: -7.6
      objectReference: {fileID: 0}
    - target: {fileID: 8095115518428649805, guid: 40eca5cb47df3c8489c5c594a6915452,
        type: 3}
      propertyPath: m_LocalRotation.x
      value: -0
      objectReference: {fileID: 0}
    - target: {fileID: 8095115518428649805, guid: 40eca5cb47df3c8489c5c594a6915452,
        type: 3}
      propertyPath: m_LocalRotation.y
      value: 0.25682068
      objectReference: {fileID: 0}
    - target: {fileID: 8095115518428649805, guid: 40eca5cb47df3c8489c5c594a6915452,
        type: 3}
      propertyPath: m_LocalRotation.z
      value: -0
      objectReference: {fileID: 0}
    - target: {fileID: 8095115518428649805, guid: 40eca5cb47df3c8489c5c594a6915452,
        type: 3}
      propertyPath: m_LocalRotation.w
      value: 0.96645916
      objectReference: {fileID: 0}
    - target: {fileID: 8095115518428649805, guid: 40eca5cb47df3c8489c5c594a6915452,
        type: 3}
      propertyPath: m_RootOrder
      value: 10
      objectReference: {fileID: 0}
    - target: {fileID: 8095115518428649805, guid: 40eca5cb47df3c8489c5c594a6915452,
        type: 3}
      propertyPath: m_LocalEulerAnglesHint.x
      value: 0
      objectReference: {fileID: 0}
    - target: {fileID: 8095115518428649805, guid: 40eca5cb47df3c8489c5c594a6915452,
        type: 3}
      propertyPath: m_LocalEulerAnglesHint.y
      value: 0
      objectReference: {fileID: 0}
    - target: {fileID: 8095115518428649805, guid: 40eca5cb47df3c8489c5c594a6915452,
        type: 3}
      propertyPath: m_LocalEulerAnglesHint.z
      value: 0
      objectReference: {fileID: 0}
    m_RemovedComponents: []
  m_SourcePrefab: {fileID: 100100000, guid: 40eca5cb47df3c8489c5c594a6915452, type: 3}
--- !u!4 &3454336918161330341 stripped
Transform:
  m_CorrespondingSourceObject: {fileID: 8095115518428649805, guid: 40eca5cb47df3c8489c5c594a6915452,
    type: 3}
  m_PrefabInstance: {fileID: 6892730146692205032}
  m_PrefabAsset: {fileID: 0}
--- !u!1001 &8383308831045698167
PrefabInstance:
  m_ObjectHideFlags: 0
  serializedVersion: 2
  m_Modification:
    m_TransformParent: {fileID: 4833016166050143441}
    m_Modifications:
    - target: {fileID: 239599965053548890, guid: 265635f1adaccf04f9872989a8a34542,
        type: 3}
      propertyPath: m_Name
      value: StandartCorner_wood_2
      objectReference: {fileID: 0}
    - target: {fileID: 3821413405967813449, guid: 265635f1adaccf04f9872989a8a34542,
        type: 3}
      propertyPath: m_LocalPosition.x
      value: 1.8017647
      objectReference: {fileID: 0}
    - target: {fileID: 3821413405967813449, guid: 265635f1adaccf04f9872989a8a34542,
        type: 3}
      propertyPath: m_LocalPosition.y
      value: 5.4024487
      objectReference: {fileID: 0}
    - target: {fileID: 3821413405967813449, guid: 265635f1adaccf04f9872989a8a34542,
        type: 3}
      propertyPath: m_LocalPosition.z
      value: -5.754461
      objectReference: {fileID: 0}
    - target: {fileID: 3821413405967813449, guid: 265635f1adaccf04f9872989a8a34542,
        type: 3}
      propertyPath: m_LocalRotation.x
      value: -0.6833898
      objectReference: {fileID: 0}
    - target: {fileID: 3821413405967813449, guid: 265635f1adaccf04f9872989a8a34542,
        type: 3}
      propertyPath: m_LocalRotation.y
      value: 0.18159965
      objectReference: {fileID: 0}
    - target: {fileID: 3821413405967813449, guid: 265635f1adaccf04f9872989a8a34542,
        type: 3}
      propertyPath: m_LocalRotation.z
      value: 0.18159965
      objectReference: {fileID: 0}
    - target: {fileID: 3821413405967813449, guid: 265635f1adaccf04f9872989a8a34542,
        type: 3}
      propertyPath: m_LocalRotation.w
      value: 0.6833898
      objectReference: {fileID: 0}
    - target: {fileID: 3821413405967813449, guid: 265635f1adaccf04f9872989a8a34542,
        type: 3}
      propertyPath: m_RootOrder
      value: 13
      objectReference: {fileID: 0}
    - target: {fileID: 3821413405967813449, guid: 265635f1adaccf04f9872989a8a34542,
        type: 3}
      propertyPath: m_LocalEulerAnglesHint.x
      value: -90
      objectReference: {fileID: 0}
    - target: {fileID: 3821413405967813449, guid: 265635f1adaccf04f9872989a8a34542,
        type: 3}
      propertyPath: m_LocalEulerAnglesHint.y
      value: 0
      objectReference: {fileID: 0}
    - target: {fileID: 3821413405967813449, guid: 265635f1adaccf04f9872989a8a34542,
        type: 3}
      propertyPath: m_LocalEulerAnglesHint.z
      value: 0
      objectReference: {fileID: 0}
    - target: {fileID: 3821413405967813449, guid: 265635f1adaccf04f9872989a8a34542,
        type: 3}
      propertyPath: m_LocalScale.z
      value: 1.0000001
      objectReference: {fileID: 0}
    m_RemovedComponents: []
  m_SourcePrefab: {fileID: 100100000, guid: 265635f1adaccf04f9872989a8a34542, type: 3}
--- !u!4 &4710516488379779390 stripped
Transform:
  m_CorrespondingSourceObject: {fileID: 3821413405967813449, guid: 265635f1adaccf04f9872989a8a34542,
    type: 3}
  m_PrefabInstance: {fileID: 8383308831045698167}
  m_PrefabAsset: {fileID: 0}
--- !u!1001 &8762338926412137439
PrefabInstance:
  m_ObjectHideFlags: 0
  serializedVersion: 2
  m_Modification:
    m_TransformParent: {fileID: 4833016166050143441}
    m_Modifications:
    - target: {fileID: 569285589931641156, guid: 77dbf3e4715b49f4a961cb3ff0bb126d,
        type: 3}
      propertyPath: isFixedPosition
      value: 1
      objectReference: {fileID: 0}
    - target: {fileID: 5950998791595807082, guid: 77dbf3e4715b49f4a961cb3ff0bb126d,
        type: 3}
      propertyPath: m_LocalPosition.x
      value: -1.16
      objectReference: {fileID: 0}
    - target: {fileID: 5950998791595807082, guid: 77dbf3e4715b49f4a961cb3ff0bb126d,
        type: 3}
      propertyPath: m_LocalPosition.y
      value: 8.71
      objectReference: {fileID: 0}
    - target: {fileID: 5950998791595807082, guid: 77dbf3e4715b49f4a961cb3ff0bb126d,
        type: 3}
      propertyPath: m_LocalPosition.z
      value: -8.13
      objectReference: {fileID: 0}
    - target: {fileID: 5950998791595807082, guid: 77dbf3e4715b49f4a961cb3ff0bb126d,
        type: 3}
      propertyPath: m_LocalRotation.x
      value: 0.68097836
      objectReference: {fileID: 0}
    - target: {fileID: 5950998791595807082, guid: 77dbf3e4715b49f4a961cb3ff0bb126d,
        type: 3}
      propertyPath: m_LocalRotation.y
      value: 0.18223822
      objectReference: {fileID: 0}
    - target: {fileID: 5950998791595807082, guid: 77dbf3e4715b49f4a961cb3ff0bb126d,
        type: 3}
      propertyPath: m_LocalRotation.z
      value: -0.18095885
      objectReference: {fileID: 0}
    - target: {fileID: 5950998791595807082, guid: 77dbf3e4715b49f4a961cb3ff0bb126d,
        type: 3}
      propertyPath: m_LocalRotation.w
      value: 0.6857928
      objectReference: {fileID: 0}
    - target: {fileID: 5950998791595807082, guid: 77dbf3e4715b49f4a961cb3ff0bb126d,
        type: 3}
      propertyPath: m_RootOrder
      value: 1
      objectReference: {fileID: 0}
    - target: {fileID: 5950998791595807082, guid: 77dbf3e4715b49f4a961cb3ff0bb126d,
        type: 3}
      propertyPath: m_LocalEulerAnglesHint.x
      value: 89.596
      objectReference: {fileID: 0}
    - target: {fileID: 5950998791595807082, guid: 77dbf3e4715b49f4a961cb3ff0bb126d,
        type: 3}
      propertyPath: m_LocalEulerAnglesHint.y
      value: 29.763
      objectReference: {fileID: 0}
    - target: {fileID: 5950998791595807082, guid: 77dbf3e4715b49f4a961cb3ff0bb126d,
        type: 3}
      propertyPath: m_LocalEulerAnglesHint.z
      value: 0
      objectReference: {fileID: 0}
    - target: {fileID: 5950998791595807082, guid: 77dbf3e4715b49f4a961cb3ff0bb126d,
        type: 3}
      propertyPath: m_LocalScale.z
      value: 1.0000001
      objectReference: {fileID: 0}
    - target: {fileID: 7263576157189972857, guid: 77dbf3e4715b49f4a961cb3ff0bb126d,
        type: 3}
      propertyPath: m_Name
      value: pyramid_crack
      objectReference: {fileID: 0}
    m_RemovedComponents: []
  m_SourcePrefab: {fileID: 100100000, guid: 77dbf3e4715b49f4a961cb3ff0bb126d, type: 3}
--- !u!4 &3101894973088813749 stripped
Transform:
  m_CorrespondingSourceObject: {fileID: 5950998791595807082, guid: 77dbf3e4715b49f4a961cb3ff0bb126d,
    type: 3}
  m_PrefabInstance: {fileID: 8762338926412137439}
  m_PrefabAsset: {fileID: 0}
