%YAML 1.1
%TAG !u! tag:unity3d.com,2011:
--- !u!1 &5357358319205197803
GameObject:
  m_ObjectHideFlags: 0
  m_CorrespondingSourceObject: {fileID: 0}
  m_PrefabInstance: {fileID: 0}
  m_PrefabAsset: {fileID: 0}
  serializedVersion: 6
  m_Component:
  - component: {fileID: 3373083651021615299}
  - component: {fileID: 6665670525695085288}
  m_Layer: 0
  m_Name: Level_5
  m_TagString: Untagged
  m_Icon: {fileID: 0}
  m_NavMeshLayer: 0
  m_StaticEditorFlags: 0
  m_IsActive: 1
--- !u!4 &3373083651021615299
Transform:
  m_ObjectHideFlags: 0
  m_CorrespondingSourceObject: {fileID: 0}
  m_PrefabInstance: {fileID: 0}
  m_PrefabAsset: {fileID: 0}
  m_GameObject: {fileID: 5357358319205197803}
  m_LocalRotation: {x: 0, y: 0, z: 0, w: 1}
  m_LocalPosition: {x: -0.8862695, y: 2.2175515, z: 30.15241}
  m_LocalScale: {x: 1, y: 1, z: 1}
  m_Children:
  - {fileID: 8460006586973508700}
  - {fileID: 2988920480294745007}
  - {fileID: 3302993327970004331}
  - {fileID: 5829130834785927475}
  - {fileID: 842375811501013481}
  - {fileID: 4386487523473716431}
  - {fileID: 5823217404718990901}
  - {fileID: 2250093391848645111}
  - {fileID: 6778967645479632999}
  - {fileID: 1871860263194792443}
  - {fileID: 4024278710602313038}
  - {fileID: 8406979459190528210}
  m_Father: {fileID: 0}
  m_RootOrder: 0
  m_LocalEulerAnglesHint: {x: 0, y: 0, z: 0}
--- !u!114 &6665670525695085288
MonoBehaviour:
  m_ObjectHideFlags: 0
  m_CorrespondingSourceObject: {fileID: 0}
  m_PrefabInstance: {fileID: 0}
  m_PrefabAsset: {fileID: 0}
  m_GameObject: {fileID: 5357358319205197803}
  m_Enabled: 1
  m_EditorHideFlags: 0
  m_Script: {fileID: 11500000, guid: d512e0047caef1c4f9a7379a9e50d379, type: 3}
  m_Name: 
  m_EditorClassIdentifier: 
  prefab: {fileID: 0}
  boxDatas: []
  BulletsToLevel: 5
  BoxCount: 0
  isCustomBulletsCount: 1
--- !u!1001 &359223549262528927
PrefabInstance:
  m_ObjectHideFlags: 0
  serializedVersion: 2
  m_Modification:
    m_TransformParent: {fileID: 3373083651021615299}
    m_Modifications:
    - target: {fileID: 8095115518428649798, guid: 898fad89cc8e8534683c8355b19a35e5,
        type: 3}
      propertyPath: m_Name
      value: StandartBox_wood (13)
      objectReference: {fileID: 0}
    - target: {fileID: 8095115518428649805, guid: 898fad89cc8e8534683c8355b19a35e5,
        type: 3}
      propertyPath: m_LocalPosition.x
      value: 0.88627
      objectReference: {fileID: 0}
    - target: {fileID: 8095115518428649805, guid: 898fad89cc8e8534683c8355b19a35e5,
        type: 3}
      propertyPath: m_LocalPosition.y
      value: 4.164549
      objectReference: {fileID: 0}
    - target: {fileID: 8095115518428649805, guid: 898fad89cc8e8534683c8355b19a35e5,
        type: 3}
      propertyPath: m_LocalPosition.z
      value: -10.122
      objectReference: {fileID: 0}
    - target: {fileID: 8095115518428649805, guid: 898fad89cc8e8534683c8355b19a35e5,
        type: 3}
      propertyPath: m_LocalRotation.x
      value: -0
      objectReference: {fileID: 0}
    - target: {fileID: 8095115518428649805, guid: 898fad89cc8e8534683c8355b19a35e5,
        type: 3}
      propertyPath: m_LocalRotation.y
      value: -0
      objectReference: {fileID: 0}
    - target: {fileID: 8095115518428649805, guid: 898fad89cc8e8534683c8355b19a35e5,
        type: 3}
      propertyPath: m_LocalRotation.z
      value: -0
      objectReference: {fileID: 0}
    - target: {fileID: 8095115518428649805, guid: 898fad89cc8e8534683c8355b19a35e5,
        type: 3}
      propertyPath: m_LocalRotation.w
      value: 1
      objectReference: {fileID: 0}
    - target: {fileID: 8095115518428649805, guid: 898fad89cc8e8534683c8355b19a35e5,
        type: 3}
      propertyPath: m_RootOrder
      value: 11
      objectReference: {fileID: 0}
    - target: {fileID: 8095115518428649805, guid: 898fad89cc8e8534683c8355b19a35e5,
        type: 3}
      propertyPath: m_LocalEulerAnglesHint.x
      value: 0
      objectReference: {fileID: 0}
    - target: {fileID: 8095115518428649805, guid: 898fad89cc8e8534683c8355b19a35e5,
        type: 3}
      propertyPath: m_LocalEulerAnglesHint.y
      value: 0
      objectReference: {fileID: 0}
    - target: {fileID: 8095115518428649805, guid: 898fad89cc8e8534683c8355b19a35e5,
        type: 3}
      propertyPath: m_LocalEulerAnglesHint.z
      value: 0
      objectReference: {fileID: 0}
    m_RemovedComponents: []
  m_SourcePrefab: {fileID: 100100000, guid: 898fad89cc8e8534683c8355b19a35e5, type: 3}
--- !u!4 &8406979459190528210 stripped
Transform:
  m_CorrespondingSourceObject: {fileID: 8095115518428649805, guid: 898fad89cc8e8534683c8355b19a35e5,
    type: 3}
  m_PrefabInstance: {fileID: 359223549262528927}
  m_PrefabAsset: {fileID: 0}
--- !u!1001 &373899401996029201
PrefabInstance:
  m_ObjectHideFlags: 0
  serializedVersion: 2
  m_Modification:
    m_TransformParent: {fileID: 3373083651021615299}
    m_Modifications:
    - target: {fileID: 8095115518428649798, guid: 898fad89cc8e8534683c8355b19a35e5,
        type: 3}
      propertyPath: m_Name
      value: StandartBox_wood (5)
      objectReference: {fileID: 0}
    - target: {fileID: 8095115518428649805, guid: 898fad89cc8e8534683c8355b19a35e5,
        type: 3}
      propertyPath: m_LocalPosition.x
      value: 2.8862696
      objectReference: {fileID: 0}
    - target: {fileID: 8095115518428649805, guid: 898fad89cc8e8534683c8355b19a35e5,
        type: 3}
      propertyPath: m_LocalPosition.y
      value: 10.164549
      objectReference: {fileID: 0}
    - target: {fileID: 8095115518428649805, guid: 898fad89cc8e8534683c8355b19a35e5,
        type: 3}
      propertyPath: m_LocalPosition.z
      value: -10.226
      objectReference: {fileID: 0}
    - target: {fileID: 8095115518428649805, guid: 898fad89cc8e8534683c8355b19a35e5,
        type: 3}
      propertyPath: m_LocalRotation.x
      value: -0
      objectReference: {fileID: 0}
    - target: {fileID: 8095115518428649805, guid: 898fad89cc8e8534683c8355b19a35e5,
        type: 3}
      propertyPath: m_LocalRotation.y
      value: -0
      objectReference: {fileID: 0}
    - target: {fileID: 8095115518428649805, guid: 898fad89cc8e8534683c8355b19a35e5,
        type: 3}
      propertyPath: m_LocalRotation.z
      value: -0
      objectReference: {fileID: 0}
    - target: {fileID: 8095115518428649805, guid: 898fad89cc8e8534683c8355b19a35e5,
        type: 3}
      propertyPath: m_LocalRotation.w
      value: 1
      objectReference: {fileID: 0}
    - target: {fileID: 8095115518428649805, guid: 898fad89cc8e8534683c8355b19a35e5,
        type: 3}
      propertyPath: m_RootOrder
      value: 0
      objectReference: {fileID: 0}
    - target: {fileID: 8095115518428649805, guid: 898fad89cc8e8534683c8355b19a35e5,
        type: 3}
      propertyPath: m_LocalEulerAnglesHint.x
      value: 0
      objectReference: {fileID: 0}
    - target: {fileID: 8095115518428649805, guid: 898fad89cc8e8534683c8355b19a35e5,
        type: 3}
      propertyPath: m_LocalEulerAnglesHint.y
      value: 0
      objectReference: {fileID: 0}
    - target: {fileID: 8095115518428649805, guid: 898fad89cc8e8534683c8355b19a35e5,
        type: 3}
      propertyPath: m_LocalEulerAnglesHint.z
      value: 0
      objectReference: {fileID: 0}
    m_RemovedComponents: []
  m_SourcePrefab: {fileID: 100100000, guid: 898fad89cc8e8534683c8355b19a35e5, type: 3}
--- !u!4 &8460006586973508700 stripped
Transform:
  m_CorrespondingSourceObject: {fileID: 8095115518428649805, guid: 898fad89cc8e8534683c8355b19a35e5,
    type: 3}
  m_PrefabInstance: {fileID: 373899401996029201}
  m_PrefabAsset: {fileID: 0}
--- !u!1001 &2344011236306640760
PrefabInstance:
  m_ObjectHideFlags: 0
  serializedVersion: 2
  m_Modification:
    m_TransformParent: {fileID: 3373083651021615299}
    m_Modifications:
    - target: {fileID: 8095115518428649798, guid: 898fad89cc8e8534683c8355b19a35e5,
        type: 3}
      propertyPath: m_Name
      value: StandartBox_wood
      objectReference: {fileID: 0}
    - target: {fileID: 8095115518428649805, guid: 898fad89cc8e8534683c8355b19a35e5,
        type: 3}
      propertyPath: m_LocalPosition.x
      value: -1.1137304
      objectReference: {fileID: 0}
    - target: {fileID: 8095115518428649805, guid: 898fad89cc8e8534683c8355b19a35e5,
        type: 3}
      propertyPath: m_LocalPosition.y
      value: 6.164549
      objectReference: {fileID: 0}
    - target: {fileID: 8095115518428649805, guid: 898fad89cc8e8534683c8355b19a35e5,
        type: 3}
      propertyPath: m_LocalPosition.z
      value: -10.226
      objectReference: {fileID: 0}
    - target: {fileID: 8095115518428649805, guid: 898fad89cc8e8534683c8355b19a35e5,
        type: 3}
      propertyPath: m_LocalRotation.x
      value: -0
      objectReference: {fileID: 0}
    - target: {fileID: 8095115518428649805, guid: 898fad89cc8e8534683c8355b19a35e5,
        type: 3}
      propertyPath: m_LocalRotation.y
      value: -0
      objectReference: {fileID: 0}
    - target: {fileID: 8095115518428649805, guid: 898fad89cc8e8534683c8355b19a35e5,
        type: 3}
      propertyPath: m_LocalRotation.z
      value: -0
      objectReference: {fileID: 0}
    - target: {fileID: 8095115518428649805, guid: 898fad89cc8e8534683c8355b19a35e5,
        type: 3}
      propertyPath: m_LocalRotation.w
      value: 1
      objectReference: {fileID: 0}
    - target: {fileID: 8095115518428649805, guid: 898fad89cc8e8534683c8355b19a35e5,
        type: 3}
      propertyPath: m_RootOrder
      value: 6
      objectReference: {fileID: 0}
    - target: {fileID: 8095115518428649805, guid: 898fad89cc8e8534683c8355b19a35e5,
        type: 3}
      propertyPath: m_LocalEulerAnglesHint.x
      value: 0
      objectReference: {fileID: 0}
    - target: {fileID: 8095115518428649805, guid: 898fad89cc8e8534683c8355b19a35e5,
        type: 3}
      propertyPath: m_LocalEulerAnglesHint.y
      value: 0
      objectReference: {fileID: 0}
    - target: {fileID: 8095115518428649805, guid: 898fad89cc8e8534683c8355b19a35e5,
        type: 3}
      propertyPath: m_LocalEulerAnglesHint.z
      value: 0
      objectReference: {fileID: 0}
    m_RemovedComponents: []
  m_SourcePrefab: {fileID: 100100000, guid: 898fad89cc8e8534683c8355b19a35e5, type: 3}
--- !u!4 &5823217404718990901 stripped
Transform:
  m_CorrespondingSourceObject: {fileID: 8095115518428649805, guid: 898fad89cc8e8534683c8355b19a35e5,
    type: 3}
  m_PrefabInstance: {fileID: 2344011236306640760}
  m_PrefabAsset: {fileID: 0}
--- !u!1001 &2356116188464945278
PrefabInstance:
  m_ObjectHideFlags: 0
  serializedVersion: 2
  m_Modification:
    m_TransformParent: {fileID: 3373083651021615299}
    m_Modifications:
    - target: {fileID: 8095115518428649798, guid: 898fad89cc8e8534683c8355b19a35e5,
        type: 3}
      propertyPath: m_Name
      value: StandartBox_wood (3)
      objectReference: {fileID: 0}
    - target: {fileID: 8095115518428649805, guid: 898fad89cc8e8534683c8355b19a35e5,
        type: 3}
      propertyPath: m_LocalPosition.x
      value: 2.8862696
      objectReference: {fileID: 0}
    - target: {fileID: 8095115518428649805, guid: 898fad89cc8e8534683c8355b19a35e5,
        type: 3}
      propertyPath: m_LocalPosition.y
      value: 8.164549
      objectReference: {fileID: 0}
    - target: {fileID: 8095115518428649805, guid: 898fad89cc8e8534683c8355b19a35e5,
        type: 3}
      propertyPath: m_LocalPosition.z
      value: -10.226
      objectReference: {fileID: 0}
    - target: {fileID: 8095115518428649805, guid: 898fad89cc8e8534683c8355b19a35e5,
        type: 3}
      propertyPath: m_LocalRotation.x
      value: -0
      objectReference: {fileID: 0}
    - target: {fileID: 8095115518428649805, guid: 898fad89cc8e8534683c8355b19a35e5,
        type: 3}
      propertyPath: m_LocalRotation.y
      value: -0
      objectReference: {fileID: 0}
    - target: {fileID: 8095115518428649805, guid: 898fad89cc8e8534683c8355b19a35e5,
        type: 3}
      propertyPath: m_LocalRotation.z
      value: -0
      objectReference: {fileID: 0}
    - target: {fileID: 8095115518428649805, guid: 898fad89cc8e8534683c8355b19a35e5,
        type: 3}
      propertyPath: m_LocalRotation.w
      value: 1
      objectReference: {fileID: 0}
    - target: {fileID: 8095115518428649805, guid: 898fad89cc8e8534683c8355b19a35e5,
        type: 3}
      propertyPath: m_RootOrder
      value: 3
      objectReference: {fileID: 0}
    - target: {fileID: 8095115518428649805, guid: 898fad89cc8e8534683c8355b19a35e5,
        type: 3}
      propertyPath: m_LocalEulerAnglesHint.x
      value: 0
      objectReference: {fileID: 0}
    - target: {fileID: 8095115518428649805, guid: 898fad89cc8e8534683c8355b19a35e5,
        type: 3}
      propertyPath: m_LocalEulerAnglesHint.y
      value: 0
      objectReference: {fileID: 0}
    - target: {fileID: 8095115518428649805, guid: 898fad89cc8e8534683c8355b19a35e5,
        type: 3}
      propertyPath: m_LocalEulerAnglesHint.z
      value: 0
      objectReference: {fileID: 0}
    m_RemovedComponents: []
  m_SourcePrefab: {fileID: 100100000, guid: 898fad89cc8e8534683c8355b19a35e5, type: 3}
--- !u!4 &5829130834785927475 stripped
Transform:
  m_CorrespondingSourceObject: {fileID: 8095115518428649805, guid: 898fad89cc8e8534683c8355b19a35e5,
    type: 3}
  m_PrefabInstance: {fileID: 2356116188464945278}
  m_PrefabAsset: {fileID: 0}
--- !u!1001 &3743350472595696498
PrefabInstance:
  m_ObjectHideFlags: 0
  serializedVersion: 2
  m_Modification:
    m_TransformParent: {fileID: 3373083651021615299}
    m_Modifications:
    - target: {fileID: 648562281814417985, guid: 7cbb6facd5b9c694b91b9d4308d60e22,
        type: 3}
      propertyPath: m_Name
      value: Platform 3x3
      objectReference: {fileID: 0}
    - target: {fileID: 7917528547025316629, guid: 7cbb6facd5b9c694b91b9d4308d60e22,
        type: 3}
      propertyPath: m_LocalPosition.x
      value: 0.8862695
      objectReference: {fileID: 0}
    - target: {fileID: 7917528547025316629, guid: 7cbb6facd5b9c694b91b9d4308d60e22,
        type: 3}
      propertyPath: m_LocalPosition.y
      value: 2.6645486
      objectReference: {fileID: 0}
    - target: {fileID: 7917528547025316629, guid: 7cbb6facd5b9c694b91b9d4308d60e22,
        type: 3}
      propertyPath: m_LocalPosition.z
      value: -10.23
      objectReference: {fileID: 0}
    - target: {fileID: 7917528547025316629, guid: 7cbb6facd5b9c694b91b9d4308d60e22,
        type: 3}
      propertyPath: m_LocalRotation.x
      value: -0
      objectReference: {fileID: 0}
    - target: {fileID: 7917528547025316629, guid: 7cbb6facd5b9c694b91b9d4308d60e22,
        type: 3}
      propertyPath: m_LocalRotation.y
      value: -0
      objectReference: {fileID: 0}
    - target: {fileID: 7917528547025316629, guid: 7cbb6facd5b9c694b91b9d4308d60e22,
        type: 3}
      propertyPath: m_LocalRotation.z
      value: -0
      objectReference: {fileID: 0}
    - target: {fileID: 7917528547025316629, guid: 7cbb6facd5b9c694b91b9d4308d60e22,
        type: 3}
      propertyPath: m_LocalRotation.w
      value: 1
      objectReference: {fileID: 0}
    - target: {fileID: 7917528547025316629, guid: 7cbb6facd5b9c694b91b9d4308d60e22,
        type: 3}
      propertyPath: m_RootOrder
      value: 8
      objectReference: {fileID: 0}
    - target: {fileID: 7917528547025316629, guid: 7cbb6facd5b9c694b91b9d4308d60e22,
        type: 3}
      propertyPath: m_LocalEulerAnglesHint.x
      value: 0
      objectReference: {fileID: 0}
    - target: {fileID: 7917528547025316629, guid: 7cbb6facd5b9c694b91b9d4308d60e22,
        type: 3}
      propertyPath: m_LocalEulerAnglesHint.y
      value: 0
      objectReference: {fileID: 0}
    - target: {fileID: 7917528547025316629, guid: 7cbb6facd5b9c694b91b9d4308d60e22,
        type: 3}
      propertyPath: m_LocalEulerAnglesHint.z
      value: 0
      objectReference: {fileID: 0}
    - target: {fileID: 7917528547025316629, guid: 7cbb6facd5b9c694b91b9d4308d60e22,
        type: 3}
      propertyPath: m_LocalScale.z
      value: 4.0087204
      objectReference: {fileID: 0}
    m_RemovedComponents: []
  m_SourcePrefab: {fileID: 100100000, guid: 7cbb6facd5b9c694b91b9d4308d60e22, type: 3}
--- !u!4 &6778967645479632999 stripped
Transform:
  m_CorrespondingSourceObject: {fileID: 7917528547025316629, guid: 7cbb6facd5b9c694b91b9d4308d60e22,
    type: 3}
  m_PrefabInstance: {fileID: 3743350472595696498}
  m_PrefabAsset: {fileID: 0}
--- !u!1001 &5156265911210947587
PrefabInstance:
  m_ObjectHideFlags: 0
  serializedVersion: 2
  m_Modification:
    m_TransformParent: {fileID: 3373083651021615299}
    m_Modifications:
    - target: {fileID: 8095115518428649798, guid: 898fad89cc8e8534683c8355b19a35e5,
        type: 3}
      propertyPath: m_Name
      value: StandartBox_wood (8)
      objectReference: {fileID: 0}
    - target: {fileID: 8095115518428649805, guid: 898fad89cc8e8534683c8355b19a35e5,
        type: 3}
      propertyPath: m_LocalPosition.x
      value: 0.88627
      objectReference: {fileID: 0}
    - target: {fileID: 8095115518428649805, guid: 898fad89cc8e8534683c8355b19a35e5,
        type: 3}
      propertyPath: m_LocalPosition.y
      value: 4.164549
      objectReference: {fileID: 0}
    - target: {fileID: 8095115518428649805, guid: 898fad89cc8e8534683c8355b19a35e5,
        type: 3}
      propertyPath: m_LocalPosition.z
      value: -12.122
      objectReference: {fileID: 0}
    - target: {fileID: 8095115518428649805, guid: 898fad89cc8e8534683c8355b19a35e5,
        type: 3}
      propertyPath: m_LocalRotation.x
      value: -0
      objectReference: {fileID: 0}
    - target: {fileID: 8095115518428649805, guid: 898fad89cc8e8534683c8355b19a35e5,
        type: 3}
      propertyPath: m_LocalRotation.y
      value: -0
      objectReference: {fileID: 0}
    - target: {fileID: 8095115518428649805, guid: 898fad89cc8e8534683c8355b19a35e5,
        type: 3}
      propertyPath: m_LocalRotation.z
      value: -0
      objectReference: {fileID: 0}
    - target: {fileID: 8095115518428649805, guid: 898fad89cc8e8534683c8355b19a35e5,
        type: 3}
      propertyPath: m_LocalRotation.w
      value: 1
      objectReference: {fileID: 0}
    - target: {fileID: 8095115518428649805, guid: 898fad89cc8e8534683c8355b19a35e5,
        type: 3}
      propertyPath: m_RootOrder
      value: 10
      objectReference: {fileID: 0}
    - target: {fileID: 8095115518428649805, guid: 898fad89cc8e8534683c8355b19a35e5,
        type: 3}
      propertyPath: m_LocalEulerAnglesHint.x
      value: 0
      objectReference: {fileID: 0}
    - target: {fileID: 8095115518428649805, guid: 898fad89cc8e8534683c8355b19a35e5,
        type: 3}
      propertyPath: m_LocalEulerAnglesHint.y
      value: 0
      objectReference: {fileID: 0}
    - target: {fileID: 8095115518428649805, guid: 898fad89cc8e8534683c8355b19a35e5,
        type: 3}
      propertyPath: m_LocalEulerAnglesHint.z
      value: 0
      objectReference: {fileID: 0}
    m_RemovedComponents: []
  m_SourcePrefab: {fileID: 100100000, guid: 898fad89cc8e8534683c8355b19a35e5, type: 3}
--- !u!4 &4024278710602313038 stripped
Transform:
  m_CorrespondingSourceObject: {fileID: 8095115518428649805, guid: 898fad89cc8e8534683c8355b19a35e5,
    type: 3}
  m_PrefabInstance: {fileID: 5156265911210947587}
  m_PrefabAsset: {fileID: 0}
--- !u!1001 &5514745180187815298
PrefabInstance:
  m_ObjectHideFlags: 0
  serializedVersion: 2
  m_Modification:
    m_TransformParent: {fileID: 3373083651021615299}
    m_Modifications:
    - target: {fileID: 8095115518428649798, guid: 898fad89cc8e8534683c8355b19a35e5,
        type: 3}
      propertyPath: m_Name
      value: StandartBox_wood (1)
      objectReference: {fileID: 0}
    - target: {fileID: 8095115518428649805, guid: 898fad89cc8e8534683c8355b19a35e5,
        type: 3}
      propertyPath: m_LocalPosition.x
      value: 2.8862696
      objectReference: {fileID: 0}
    - target: {fileID: 8095115518428649805, guid: 898fad89cc8e8534683c8355b19a35e5,
        type: 3}
      propertyPath: m_LocalPosition.y
      value: 6.164549
      objectReference: {fileID: 0}
    - target: {fileID: 8095115518428649805, guid: 898fad89cc8e8534683c8355b19a35e5,
        type: 3}
      propertyPath: m_LocalPosition.z
      value: -10.226
      objectReference: {fileID: 0}
    - target: {fileID: 8095115518428649805, guid: 898fad89cc8e8534683c8355b19a35e5,
        type: 3}
      propertyPath: m_LocalRotation.x
      value: -0
      objectReference: {fileID: 0}
    - target: {fileID: 8095115518428649805, guid: 898fad89cc8e8534683c8355b19a35e5,
        type: 3}
      propertyPath: m_LocalRotation.y
      value: -0
      objectReference: {fileID: 0}
    - target: {fileID: 8095115518428649805, guid: 898fad89cc8e8534683c8355b19a35e5,
        type: 3}
      propertyPath: m_LocalRotation.z
      value: -0
      objectReference: {fileID: 0}
    - target: {fileID: 8095115518428649805, guid: 898fad89cc8e8534683c8355b19a35e5,
        type: 3}
      propertyPath: m_LocalRotation.w
      value: 1
      objectReference: {fileID: 0}
    - target: {fileID: 8095115518428649805, guid: 898fad89cc8e8534683c8355b19a35e5,
        type: 3}
      propertyPath: m_RootOrder
      value: 5
      objectReference: {fileID: 0}
    - target: {fileID: 8095115518428649805, guid: 898fad89cc8e8534683c8355b19a35e5,
        type: 3}
      propertyPath: m_LocalEulerAnglesHint.x
      value: 0
      objectReference: {fileID: 0}
    - target: {fileID: 8095115518428649805, guid: 898fad89cc8e8534683c8355b19a35e5,
        type: 3}
      propertyPath: m_LocalEulerAnglesHint.y
      value: 0
      objectReference: {fileID: 0}
    - target: {fileID: 8095115518428649805, guid: 898fad89cc8e8534683c8355b19a35e5,
        type: 3}
      propertyPath: m_LocalEulerAnglesHint.z
      value: 0
      objectReference: {fileID: 0}
    m_RemovedComponents: []
  m_SourcePrefab: {fileID: 100100000, guid: 898fad89cc8e8534683c8355b19a35e5, type: 3}
--- !u!4 &4386487523473716431 stripped
Transform:
  m_CorrespondingSourceObject: {fileID: 8095115518428649805, guid: 898fad89cc8e8534683c8355b19a35e5,
    type: 3}
  m_PrefabInstance: {fileID: 5514745180187815298}
  m_PrefabAsset: {fileID: 0}
--- !u!1001 &6425906574726441698
PrefabInstance:
  m_ObjectHideFlags: 0
  serializedVersion: 2
  m_Modification:
    m_TransformParent: {fileID: 3373083651021615299}
    m_Modifications:
    - target: {fileID: 8095115518428649798, guid: 898fad89cc8e8534683c8355b19a35e5,
        type: 3}
      propertyPath: m_Name
      value: StandartBox_wood (4)
      objectReference: {fileID: 0}
    - target: {fileID: 8095115518428649805, guid: 898fad89cc8e8534683c8355b19a35e5,
        type: 3}
      propertyPath: m_LocalPosition.x
      value: -1.1137304
      objectReference: {fileID: 0}
    - target: {fileID: 8095115518428649805, guid: 898fad89cc8e8534683c8355b19a35e5,
        type: 3}
      propertyPath: m_LocalPosition.y
      value: 10.164549
      objectReference: {fileID: 0}
    - target: {fileID: 8095115518428649805, guid: 898fad89cc8e8534683c8355b19a35e5,
        type: 3}
      propertyPath: m_LocalPosition.z
      value: -10.226
      objectReference: {fileID: 0}
    - target: {fileID: 8095115518428649805, guid: 898fad89cc8e8534683c8355b19a35e5,
        type: 3}
      propertyPath: m_LocalRotation.x
      value: -0
      objectReference: {fileID: 0}
    - target: {fileID: 8095115518428649805, guid: 898fad89cc8e8534683c8355b19a35e5,
        type: 3}
      propertyPath: m_LocalRotation.y
      value: -0
      objectReference: {fileID: 0}
    - target: {fileID: 8095115518428649805, guid: 898fad89cc8e8534683c8355b19a35e5,
        type: 3}
      propertyPath: m_LocalRotation.z
      value: -0
      objectReference: {fileID: 0}
    - target: {fileID: 8095115518428649805, guid: 898fad89cc8e8534683c8355b19a35e5,
        type: 3}
      propertyPath: m_LocalRotation.w
      value: 1
      objectReference: {fileID: 0}
    - target: {fileID: 8095115518428649805, guid: 898fad89cc8e8534683c8355b19a35e5,
        type: 3}
      propertyPath: m_RootOrder
      value: 1
      objectReference: {fileID: 0}
    - target: {fileID: 8095115518428649805, guid: 898fad89cc8e8534683c8355b19a35e5,
        type: 3}
      propertyPath: m_LocalEulerAnglesHint.x
      value: 0
      objectReference: {fileID: 0}
    - target: {fileID: 8095115518428649805, guid: 898fad89cc8e8534683c8355b19a35e5,
        type: 3}
      propertyPath: m_LocalEulerAnglesHint.y
      value: 0
      objectReference: {fileID: 0}
    - target: {fileID: 8095115518428649805, guid: 898fad89cc8e8534683c8355b19a35e5,
        type: 3}
      propertyPath: m_LocalEulerAnglesHint.z
      value: 0
      objectReference: {fileID: 0}
    m_RemovedComponents: []
  m_SourcePrefab: {fileID: 100100000, guid: 898fad89cc8e8534683c8355b19a35e5, type: 3}
--- !u!4 &2988920480294745007 stripped
Transform:
  m_CorrespondingSourceObject: {fileID: 8095115518428649805, guid: 898fad89cc8e8534683c8355b19a35e5,
    type: 3}
  m_PrefabInstance: {fileID: 6425906574726441698}
  m_PrefabAsset: {fileID: 0}
--- !u!1001 &6737726174930285606
PrefabInstance:
  m_ObjectHideFlags: 0
  serializedVersion: 2
  m_Modification:
    m_TransformParent: {fileID: 3373083651021615299}
    m_Modifications:
    - target: {fileID: 8095115518428649798, guid: 667a19d4ecfec394281bac15e25246d2,
        type: 3}
      propertyPath: m_Name
      value: BlastBox
      objectReference: {fileID: 0}
    - target: {fileID: 8095115518428649805, guid: 667a19d4ecfec394281bac15e25246d2,
        type: 3}
      propertyPath: m_LocalPosition.x
      value: 0.88627
      objectReference: {fileID: 0}
    - target: {fileID: 8095115518428649805, guid: 667a19d4ecfec394281bac15e25246d2,
        type: 3}
      propertyPath: m_LocalPosition.y
      value: 6.164549
      objectReference: {fileID: 0}
    - target: {fileID: 8095115518428649805, guid: 667a19d4ecfec394281bac15e25246d2,
        type: 3}
      propertyPath: m_LocalPosition.z
      value: -10.118
      objectReference: {fileID: 0}
    - target: {fileID: 8095115518428649805, guid: 667a19d4ecfec394281bac15e25246d2,
        type: 3}
      propertyPath: m_LocalRotation.x
      value: -0
      objectReference: {fileID: 0}
    - target: {fileID: 8095115518428649805, guid: 667a19d4ecfec394281bac15e25246d2,
        type: 3}
      propertyPath: m_LocalRotation.y
      value: -0
      objectReference: {fileID: 0}
    - target: {fileID: 8095115518428649805, guid: 667a19d4ecfec394281bac15e25246d2,
        type: 3}
      propertyPath: m_LocalRotation.z
      value: -0
      objectReference: {fileID: 0}
    - target: {fileID: 8095115518428649805, guid: 667a19d4ecfec394281bac15e25246d2,
        type: 3}
      propertyPath: m_LocalRotation.w
      value: 1
      objectReference: {fileID: 0}
    - target: {fileID: 8095115518428649805, guid: 667a19d4ecfec394281bac15e25246d2,
        type: 3}
      propertyPath: m_RootOrder
      value: 2
      objectReference: {fileID: 0}
    - target: {fileID: 8095115518428649805, guid: 667a19d4ecfec394281bac15e25246d2,
        type: 3}
      propertyPath: m_LocalEulerAnglesHint.x
      value: 0
      objectReference: {fileID: 0}
    - target: {fileID: 8095115518428649805, guid: 667a19d4ecfec394281bac15e25246d2,
        type: 3}
      propertyPath: m_LocalEulerAnglesHint.y
      value: 0
      objectReference: {fileID: 0}
    - target: {fileID: 8095115518428649805, guid: 667a19d4ecfec394281bac15e25246d2,
        type: 3}
      propertyPath: m_LocalEulerAnglesHint.z
      value: 0
      objectReference: {fileID: 0}
    m_RemovedComponents: []
  m_SourcePrefab: {fileID: 100100000, guid: 667a19d4ecfec394281bac15e25246d2, type: 3}
--- !u!4 &3302993327970004331 stripped
Transform:
  m_CorrespondingSourceObject: {fileID: 8095115518428649805, guid: 667a19d4ecfec394281bac15e25246d2,
    type: 3}
  m_PrefabInstance: {fileID: 6737726174930285606}
  m_PrefabAsset: {fileID: 0}
--- !u!1001 &7614899025431759030
PrefabInstance:
  m_ObjectHideFlags: 0
  serializedVersion: 2
  m_Modification:
    m_TransformParent: {fileID: 3373083651021615299}
    m_Modifications:
    - target: {fileID: 8095115518428649798, guid: cbe2b7b32f3272e41811d0680a7ef0d3,
        type: 3}
      propertyPath: m_Name
      value: HevyBox (1)
      objectReference: {fileID: 0}
    - target: {fileID: 8095115518428649805, guid: cbe2b7b32f3272e41811d0680a7ef0d3,
        type: 3}
      propertyPath: m_LocalPosition.x
      value: 2.8862696
      objectReference: {fileID: 0}
    - target: {fileID: 8095115518428649805, guid: cbe2b7b32f3272e41811d0680a7ef0d3,
        type: 3}
      propertyPath: m_LocalPosition.y
      value: 4.164549
      objectReference: {fileID: 0}
    - target: {fileID: 8095115518428649805, guid: cbe2b7b32f3272e41811d0680a7ef0d3,
        type: 3}
      propertyPath: m_LocalPosition.z
      value: -10.226
      objectReference: {fileID: 0}
    - target: {fileID: 8095115518428649805, guid: cbe2b7b32f3272e41811d0680a7ef0d3,
        type: 3}
      propertyPath: m_LocalRotation.x
      value: -0
      objectReference: {fileID: 0}
    - target: {fileID: 8095115518428649805, guid: cbe2b7b32f3272e41811d0680a7ef0d3,
        type: 3}
      propertyPath: m_LocalRotation.y
      value: -0
      objectReference: {fileID: 0}
    - target: {fileID: 8095115518428649805, guid: cbe2b7b32f3272e41811d0680a7ef0d3,
        type: 3}
      propertyPath: m_LocalRotation.z
      value: -0
      objectReference: {fileID: 0}
    - target: {fileID: 8095115518428649805, guid: cbe2b7b32f3272e41811d0680a7ef0d3,
        type: 3}
      propertyPath: m_LocalRotation.w
      value: 1
      objectReference: {fileID: 0}
    - target: {fileID: 8095115518428649805, guid: cbe2b7b32f3272e41811d0680a7ef0d3,
        type: 3}
      propertyPath: m_RootOrder
      value: 9
      objectReference: {fileID: 0}
    - target: {fileID: 8095115518428649805, guid: cbe2b7b32f3272e41811d0680a7ef0d3,
        type: 3}
      propertyPath: m_LocalEulerAnglesHint.x
      value: 0
      objectReference: {fileID: 0}
    - target: {fileID: 8095115518428649805, guid: cbe2b7b32f3272e41811d0680a7ef0d3,
        type: 3}
      propertyPath: m_LocalEulerAnglesHint.y
      value: 0
      objectReference: {fileID: 0}
    - target: {fileID: 8095115518428649805, guid: cbe2b7b32f3272e41811d0680a7ef0d3,
        type: 3}
      propertyPath: m_LocalEulerAnglesHint.z
      value: 0
      objectReference: {fileID: 0}
    m_RemovedComponents: []
  m_SourcePrefab: {fileID: 100100000, guid: cbe2b7b32f3272e41811d0680a7ef0d3, type: 3}
--- !u!4 &1871860263194792443 stripped
Transform:
  m_CorrespondingSourceObject: {fileID: 8095115518428649805, guid: cbe2b7b32f3272e41811d0680a7ef0d3,
    type: 3}
  m_PrefabInstance: {fileID: 7614899025431759030}
  m_PrefabAsset: {fileID: 0}
--- !u!1001 &8029443868923967674
PrefabInstance:
  m_ObjectHideFlags: 0
  serializedVersion: 2
  m_Modification:
    m_TransformParent: {fileID: 3373083651021615299}
    m_Modifications:
    - target: {fileID: 8095115518428649798, guid: cbe2b7b32f3272e41811d0680a7ef0d3,
        type: 3}
      propertyPath: m_Name
      value: HevyBox
      objectReference: {fileID: 0}
    - target: {fileID: 8095115518428649805, guid: cbe2b7b32f3272e41811d0680a7ef0d3,
        type: 3}
      propertyPath: m_LocalPosition.x
      value: -1.1137304
      objectReference: {fileID: 0}
    - target: {fileID: 8095115518428649805, guid: cbe2b7b32f3272e41811d0680a7ef0d3,
        type: 3}
      propertyPath: m_LocalPosition.y
      value: 4.164549
      objectReference: {fileID: 0}
    - target: {fileID: 8095115518428649805, guid: cbe2b7b32f3272e41811d0680a7ef0d3,
        type: 3}
      propertyPath: m_LocalPosition.z
      value: -10.226
      objectReference: {fileID: 0}
    - target: {fileID: 8095115518428649805, guid: cbe2b7b32f3272e41811d0680a7ef0d3,
        type: 3}
      propertyPath: m_LocalRotation.x
      value: -0
      objectReference: {fileID: 0}
    - target: {fileID: 8095115518428649805, guid: cbe2b7b32f3272e41811d0680a7ef0d3,
        type: 3}
      propertyPath: m_LocalRotation.y
      value: -0
      objectReference: {fileID: 0}
    - target: {fileID: 8095115518428649805, guid: cbe2b7b32f3272e41811d0680a7ef0d3,
        type: 3}
      propertyPath: m_LocalRotation.z
      value: -0
      objectReference: {fileID: 0}
    - target: {fileID: 8095115518428649805, guid: cbe2b7b32f3272e41811d0680a7ef0d3,
        type: 3}
      propertyPath: m_LocalRotation.w
      value: 1
      objectReference: {fileID: 0}
    - target: {fileID: 8095115518428649805, guid: cbe2b7b32f3272e41811d0680a7ef0d3,
        type: 3}
      propertyPath: m_RootOrder
      value: 7
      objectReference: {fileID: 0}
    - target: {fileID: 8095115518428649805, guid: cbe2b7b32f3272e41811d0680a7ef0d3,
        type: 3}
      propertyPath: m_LocalEulerAnglesHint.x
      value: 0
      objectReference: {fileID: 0}
    - target: {fileID: 8095115518428649805, guid: cbe2b7b32f3272e41811d0680a7ef0d3,
        type: 3}
      propertyPath: m_LocalEulerAnglesHint.y
      value: 0
      objectReference: {fileID: 0}
    - target: {fileID: 8095115518428649805, guid: cbe2b7b32f3272e41811d0680a7ef0d3,
        type: 3}
      propertyPath: m_LocalEulerAnglesHint.z
      value: 0
      objectReference: {fileID: 0}
    m_RemovedComponents: []
  m_SourcePrefab: {fileID: 100100000, guid: cbe2b7b32f3272e41811d0680a7ef0d3, type: 3}
--- !u!4 &2250093391848645111 stripped
Transform:
  m_CorrespondingSourceObject: {fileID: 8095115518428649805, guid: cbe2b7b32f3272e41811d0680a7ef0d3,
    type: 3}
  m_PrefabInstance: {fileID: 8029443868923967674}
  m_PrefabAsset: {fileID: 0}
--- !u!1001 &8928132252472647844
PrefabInstance:
  m_ObjectHideFlags: 0
  serializedVersion: 2
  m_Modification:
    m_TransformParent: {fileID: 3373083651021615299}
    m_Modifications:
    - target: {fileID: 8095115518428649798, guid: 898fad89cc8e8534683c8355b19a35e5,
        type: 3}
      propertyPath: m_Name
      value: StandartBox_wood (2)
      objectReference: {fileID: 0}
    - target: {fileID: 8095115518428649805, guid: 898fad89cc8e8534683c8355b19a35e5,
        type: 3}
      propertyPath: m_LocalPosition.x
      value: -1.1137304
      objectReference: {fileID: 0}
    - target: {fileID: 8095115518428649805, guid: 898fad89cc8e8534683c8355b19a35e5,
        type: 3}
      propertyPath: m_LocalPosition.y
      value: 8.164549
      objectReference: {fileID: 0}
    - target: {fileID: 8095115518428649805, guid: 898fad89cc8e8534683c8355b19a35e5,
        type: 3}
      propertyPath: m_LocalPosition.z
      value: -10.226
      objectReference: {fileID: 0}
    - target: {fileID: 8095115518428649805, guid: 898fad89cc8e8534683c8355b19a35e5,
        type: 3}
      propertyPath: m_LocalRotation.x
      value: -0
      objectReference: {fileID: 0}
    - target: {fileID: 8095115518428649805, guid: 898fad89cc8e8534683c8355b19a35e5,
        type: 3}
      propertyPath: m_LocalRotation.y
      value: -0
      objectReference: {fileID: 0}
    - target: {fileID: 8095115518428649805, guid: 898fad89cc8e8534683c8355b19a35e5,
        type: 3}
      propertyPath: m_LocalRotation.z
      value: -0
      objectReference: {fileID: 0}
    - target: {fileID: 8095115518428649805, guid: 898fad89cc8e8534683c8355b19a35e5,
        type: 3}
      propertyPath: m_LocalRotation.w
      value: 1
      objectReference: {fileID: 0}
    - target: {fileID: 8095115518428649805, guid: 898fad89cc8e8534683c8355b19a35e5,
        type: 3}
      propertyPath: m_RootOrder
      value: 4
      objectReference: {fileID: 0}
    - target: {fileID: 8095115518428649805, guid: 898fad89cc8e8534683c8355b19a35e5,
        type: 3}
      propertyPath: m_LocalEulerAnglesHint.x
      value: 0
      objectReference: {fileID: 0}
    - target: {fileID: 8095115518428649805, guid: 898fad89cc8e8534683c8355b19a35e5,
        type: 3}
      propertyPath: m_LocalEulerAnglesHint.y
      value: 0
      objectReference: {fileID: 0}
    - target: {fileID: 8095115518428649805, guid: 898fad89cc8e8534683c8355b19a35e5,
        type: 3}
      propertyPath: m_LocalEulerAnglesHint.z
      value: 0
      objectReference: {fileID: 0}
    m_RemovedComponents: []
  m_SourcePrefab: {fileID: 100100000, guid: 898fad89cc8e8534683c8355b19a35e5, type: 3}
--- !u!4 &842375811501013481 stripped
Transform:
  m_CorrespondingSourceObject: {fileID: 8095115518428649805, guid: 898fad89cc8e8534683c8355b19a35e5,
    type: 3}
  m_PrefabInstance: {fileID: 8928132252472647844}
  m_PrefabAsset: {fileID: 0}
