%YAML 1.1
%TAG !u! tag:unity3d.com,2011:
--- !u!1 &6257585381248121810
GameObject:
  m_ObjectHideFlags: 0
  m_CorrespondingSourceObject: {fileID: 0}
  m_PrefabInstance: {fileID: 0}
  m_PrefabAsset: {fileID: 0}
  serializedVersion: 6
  m_Component:
  - component: {fileID: 3621413568758361338}
  - component: {fileID: 4616042040152938193}
  m_Layer: 0
  m_Name: Level_6
  m_TagString: Untagged
  m_Icon: {fileID: 0}
  m_NavMeshLayer: 0
  m_StaticEditorFlags: 0
  m_IsActive: 1
--- !u!4 &3621413568758361338
Transform:
  m_ObjectHideFlags: 0
  m_CorrespondingSourceObject: {fileID: 0}
  m_PrefabInstance: {fileID: 0}
  m_PrefabAsset: {fileID: 0}
  m_GameObject: {fileID: 6257585381248121810}
  m_LocalRotation: {x: 0, y: 0, z: 0, w: 1}
  m_LocalPosition: {x: -0.8862695, y: 2.2175515, z: 30.15241}
  m_LocalScale: {x: 1, y: 1, z: 1}
  m_Children:
  - {fileID: 5752863033645853268}
  - {fileID: 102140384148526372}
  - {fileID: 4289762437280578612}
  - {fileID: 5589424117300504784}
  - {fileID: 4421270036016904824}
  - {fileID: 2848676751692131767}
  - {fileID: 8055663276516090685}
  - {fileID: 1326377089159804675}
  - {fileID: 45619178946242269}
  - {fileID: 4155920910581786562}
  - {fileID: 7149886303096660340}
  - {fileID: 5551510472325758378}
  - {fileID: 4201412359552222518}
  m_Father: {fileID: 0}
  m_RootOrder: 0
  m_LocalEulerAnglesHint: {x: 0, y: 0, z: 0}
--- !u!114 &4616042040152938193
MonoBehaviour:
  m_ObjectHideFlags: 0
  m_CorrespondingSourceObject: {fileID: 0}
  m_PrefabInstance: {fileID: 0}
  m_PrefabAsset: {fileID: 0}
  m_GameObject: {fileID: 6257585381248121810}
  m_Enabled: 1
  m_EditorHideFlags: 0
  m_Script: {fileID: 11500000, guid: d512e0047caef1c4f9a7379a9e50d379, type: 3}
  m_Name: 
  m_EditorClassIdentifier: 
  prefab: {fileID: 0}
  boxDatas: []
  BulletsToLevel: 10
  BoxCount: 0
  isCustomBulletsCount: 0
--- !u!1001 &1400301839524624441
PrefabInstance:
  m_ObjectHideFlags: 0
  serializedVersion: 2
  m_Modification:
    m_TransformParent: {fileID: 3621413568758361338}
    m_Modifications:
    - target: {fileID: 5744908003055810776, guid: d58b618ae12c2cb4aa6a88776b52e1c3,
        type: 3}
      propertyPath: isFixedPosition
      value: 1
      objectReference: {fileID: 0}
    - target: {fileID: 8095115518428649798, guid: d58b618ae12c2cb4aa6a88776b52e1c3,
        type: 3}
      propertyPath: m_Name
      value: CrackBox (3)
      objectReference: {fileID: 0}
    - target: {fileID: 8095115518428649805, guid: d58b618ae12c2cb4aa6a88776b52e1c3,
        type: 3}
      propertyPath: m_LocalPosition.x
      value: 0.93847
      objectReference: {fileID: 0}
    - target: {fileID: 8095115518428649805, guid: d58b618ae12c2cb4aa6a88776b52e1c3,
        type: 3}
      propertyPath: m_LocalPosition.y
      value: 3.8724
      objectReference: {fileID: 0}
    - target: {fileID: 8095115518428649805, guid: d58b618ae12c2cb4aa6a88776b52e1c3,
        type: 3}
      propertyPath: m_LocalPosition.z
      value: -9.672
      objectReference: {fileID: 0}
    - target: {fileID: 8095115518428649805, guid: d58b618ae12c2cb4aa6a88776b52e1c3,
        type: 3}
      propertyPath: m_LocalRotation.x
      value: -0
      objectReference: {fileID: 0}
    - target: {fileID: 8095115518428649805, guid: d58b618ae12c2cb4aa6a88776b52e1c3,
        type: 3}
      propertyPath: m_LocalRotation.y
      value: -0
      objectReference: {fileID: 0}
    - target: {fileID: 8095115518428649805, guid: d58b618ae12c2cb4aa6a88776b52e1c3,
        type: 3}
      propertyPath: m_LocalRotation.z
      value: -0
      objectReference: {fileID: 0}
    - target: {fileID: 8095115518428649805, guid: d58b618ae12c2cb4aa6a88776b52e1c3,
        type: 3}
      propertyPath: m_LocalRotation.w
      value: 1
      objectReference: {fileID: 0}
    - target: {fileID: 8095115518428649805, guid: d58b618ae12c2cb4aa6a88776b52e1c3,
        type: 3}
      propertyPath: m_RootOrder
      value: 10
      objectReference: {fileID: 0}
    - target: {fileID: 8095115518428649805, guid: d58b618ae12c2cb4aa6a88776b52e1c3,
        type: 3}
      propertyPath: m_LocalEulerAnglesHint.x
      value: 0
      objectReference: {fileID: 0}
    - target: {fileID: 8095115518428649805, guid: d58b618ae12c2cb4aa6a88776b52e1c3,
        type: 3}
      propertyPath: m_LocalEulerAnglesHint.y
      value: 0
      objectReference: {fileID: 0}
    - target: {fileID: 8095115518428649805, guid: d58b618ae12c2cb4aa6a88776b52e1c3,
        type: 3}
      propertyPath: m_LocalEulerAnglesHint.z
      value: 0
      objectReference: {fileID: 0}
    m_RemovedComponents: []
  m_SourcePrefab: {fileID: 100100000, guid: d58b618ae12c2cb4aa6a88776b52e1c3, type: 3}
--- !u!4 &7149886303096660340 stripped
Transform:
  m_CorrespondingSourceObject: {fileID: 8095115518428649805, guid: d58b618ae12c2cb4aa6a88776b52e1c3,
    type: 3}
  m_PrefabInstance: {fileID: 1400301839524624441}
  m_PrefabAsset: {fileID: 0}
--- !u!1001 &2277932718850816624
PrefabInstance:
  m_ObjectHideFlags: 0
  serializedVersion: 2
  m_Modification:
    m_TransformParent: {fileID: 3621413568758361338}
    m_Modifications:
    - target: {fileID: 8095115518428649798, guid: 898fad89cc8e8534683c8355b19a35e5,
        type: 3}
      propertyPath: m_Name
      value: StandartBox_wood
      objectReference: {fileID: 0}
    - target: {fileID: 8095115518428649805, guid: 898fad89cc8e8534683c8355b19a35e5,
        type: 3}
      propertyPath: m_LocalPosition.x
      value: -1.0615673
      objectReference: {fileID: 0}
    - target: {fileID: 8095115518428649805, guid: 898fad89cc8e8534683c8355b19a35e5,
        type: 3}
      propertyPath: m_LocalPosition.y
      value: 5.872449
      objectReference: {fileID: 0}
    - target: {fileID: 8095115518428649805, guid: 898fad89cc8e8534683c8355b19a35e5,
        type: 3}
      propertyPath: m_LocalPosition.z
      value: -9.672411
      objectReference: {fileID: 0}
    - target: {fileID: 8095115518428649805, guid: 898fad89cc8e8534683c8355b19a35e5,
        type: 3}
      propertyPath: m_LocalRotation.x
      value: -0
      objectReference: {fileID: 0}
    - target: {fileID: 8095115518428649805, guid: 898fad89cc8e8534683c8355b19a35e5,
        type: 3}
      propertyPath: m_LocalRotation.y
      value: -0
      objectReference: {fileID: 0}
    - target: {fileID: 8095115518428649805, guid: 898fad89cc8e8534683c8355b19a35e5,
        type: 3}
      propertyPath: m_LocalRotation.z
      value: -0
      objectReference: {fileID: 0}
    - target: {fileID: 8095115518428649805, guid: 898fad89cc8e8534683c8355b19a35e5,
        type: 3}
      propertyPath: m_LocalRotation.w
      value: 1
      objectReference: {fileID: 0}
    - target: {fileID: 8095115518428649805, guid: 898fad89cc8e8534683c8355b19a35e5,
        type: 3}
      propertyPath: m_RootOrder
      value: 6
      objectReference: {fileID: 0}
    - target: {fileID: 8095115518428649805, guid: 898fad89cc8e8534683c8355b19a35e5,
        type: 3}
      propertyPath: m_LocalEulerAnglesHint.x
      value: 0
      objectReference: {fileID: 0}
    - target: {fileID: 8095115518428649805, guid: 898fad89cc8e8534683c8355b19a35e5,
        type: 3}
      propertyPath: m_LocalEulerAnglesHint.y
      value: 0
      objectReference: {fileID: 0}
    - target: {fileID: 8095115518428649805, guid: 898fad89cc8e8534683c8355b19a35e5,
        type: 3}
      propertyPath: m_LocalEulerAnglesHint.z
      value: 0
      objectReference: {fileID: 0}
    m_RemovedComponents: []
  m_SourcePrefab: {fileID: 100100000, guid: 898fad89cc8e8534683c8355b19a35e5, type: 3}
--- !u!4 &8055663276516090685 stripped
Transform:
  m_CorrespondingSourceObject: {fileID: 8095115518428649805, guid: 898fad89cc8e8534683c8355b19a35e5,
    type: 3}
  m_PrefabInstance: {fileID: 2277932718850816624}
  m_PrefabAsset: {fileID: 0}
--- !u!1001 &3774723600830275181
PrefabInstance:
  m_ObjectHideFlags: 0
  serializedVersion: 2
  m_Modification:
    m_TransformParent: {fileID: 3621413568758361338}
    m_Modifications:
    - target: {fileID: 239599965053548890, guid: 687b316498df75b44b2a1499edea309c,
        type: 3}
      propertyPath: m_Name
      value: BlastCorner
      objectReference: {fileID: 0}
    - target: {fileID: 3821413405967813449, guid: 687b316498df75b44b2a1499edea309c,
        type: 3}
      propertyPath: m_LocalPosition.x
      value: -1.0615
      objectReference: {fileID: 0}
    - target: {fileID: 3821413405967813449, guid: 687b316498df75b44b2a1499edea309c,
        type: 3}
      propertyPath: m_LocalPosition.y
      value: 11.872
      objectReference: {fileID: 0}
    - target: {fileID: 3821413405967813449, guid: 687b316498df75b44b2a1499edea309c,
        type: 3}
      propertyPath: m_LocalPosition.z
      value: -8.672539
      objectReference: {fileID: 0}
    - target: {fileID: 3821413405967813449, guid: 687b316498df75b44b2a1499edea309c,
        type: 3}
      propertyPath: m_LocalRotation.x
      value: -0.7071068
      objectReference: {fileID: 0}
    - target: {fileID: 3821413405967813449, guid: 687b316498df75b44b2a1499edea309c,
        type: 3}
      propertyPath: m_LocalRotation.y
      value: -0
      objectReference: {fileID: 0}
    - target: {fileID: 3821413405967813449, guid: 687b316498df75b44b2a1499edea309c,
        type: 3}
      propertyPath: m_LocalRotation.z
      value: -0
      objectReference: {fileID: 0}
    - target: {fileID: 3821413405967813449, guid: 687b316498df75b44b2a1499edea309c,
        type: 3}
      propertyPath: m_LocalRotation.w
      value: 0.7071068
      objectReference: {fileID: 0}
    - target: {fileID: 3821413405967813449, guid: 687b316498df75b44b2a1499edea309c,
        type: 3}
      propertyPath: m_RootOrder
      value: 1
      objectReference: {fileID: 0}
    - target: {fileID: 3821413405967813449, guid: 687b316498df75b44b2a1499edea309c,
        type: 3}
      propertyPath: m_LocalEulerAnglesHint.x
      value: -90
      objectReference: {fileID: 0}
    - target: {fileID: 3821413405967813449, guid: 687b316498df75b44b2a1499edea309c,
        type: 3}
      propertyPath: m_LocalEulerAnglesHint.y
      value: 0
      objectReference: {fileID: 0}
    - target: {fileID: 3821413405967813449, guid: 687b316498df75b44b2a1499edea309c,
        type: 3}
      propertyPath: m_LocalEulerAnglesHint.z
      value: 0
      objectReference: {fileID: 0}
    m_RemovedComponents: []
  m_SourcePrefab: {fileID: 100100000, guid: 687b316498df75b44b2a1499edea309c, type: 3}
--- !u!4 &102140384148526372 stripped
Transform:
  m_CorrespondingSourceObject: {fileID: 3821413405967813449, guid: 687b316498df75b44b2a1499edea309c,
    type: 3}
  m_PrefabInstance: {fileID: 3774723600830275181}
  m_PrefabAsset: {fileID: 0}
--- !u!1001 &4421776102845277415
PrefabInstance:
  m_ObjectHideFlags: 0
  serializedVersion: 2
  m_Modification:
    m_TransformParent: {fileID: 3621413568758361338}
    m_Modifications:
    - target: {fileID: 5744908003055810776, guid: d58b618ae12c2cb4aa6a88776b52e1c3,
        type: 3}
      propertyPath: isFixedPosition
      value: 1
      objectReference: {fileID: 0}
    - target: {fileID: 8095115518428649798, guid: d58b618ae12c2cb4aa6a88776b52e1c3,
        type: 3}
      propertyPath: m_Name
      value: CrackBox (4)
      objectReference: {fileID: 0}
    - target: {fileID: 8095115518428649805, guid: d58b618ae12c2cb4aa6a88776b52e1c3,
        type: 3}
      propertyPath: m_LocalPosition.x
      value: 2.8463
      objectReference: {fileID: 0}
    - target: {fileID: 8095115518428649805, guid: d58b618ae12c2cb4aa6a88776b52e1c3,
        type: 3}
      propertyPath: m_LocalPosition.y
      value: 3.8724
      objectReference: {fileID: 0}
    - target: {fileID: 8095115518428649805, guid: d58b618ae12c2cb4aa6a88776b52e1c3,
        type: 3}
      propertyPath: m_LocalPosition.z
      value: -9.672
      objectReference: {fileID: 0}
    - target: {fileID: 8095115518428649805, guid: d58b618ae12c2cb4aa6a88776b52e1c3,
        type: 3}
      propertyPath: m_LocalRotation.x
      value: -0
      objectReference: {fileID: 0}
    - target: {fileID: 8095115518428649805, guid: d58b618ae12c2cb4aa6a88776b52e1c3,
        type: 3}
      propertyPath: m_LocalRotation.y
      value: -0
      objectReference: {fileID: 0}
    - target: {fileID: 8095115518428649805, guid: d58b618ae12c2cb4aa6a88776b52e1c3,
        type: 3}
      propertyPath: m_LocalRotation.z
      value: -0
      objectReference: {fileID: 0}
    - target: {fileID: 8095115518428649805, guid: d58b618ae12c2cb4aa6a88776b52e1c3,
        type: 3}
      propertyPath: m_LocalRotation.w
      value: 1
      objectReference: {fileID: 0}
    - target: {fileID: 8095115518428649805, guid: d58b618ae12c2cb4aa6a88776b52e1c3,
        type: 3}
      propertyPath: m_RootOrder
      value: 11
      objectReference: {fileID: 0}
    - target: {fileID: 8095115518428649805, guid: d58b618ae12c2cb4aa6a88776b52e1c3,
        type: 3}
      propertyPath: m_LocalEulerAnglesHint.x
      value: 0
      objectReference: {fileID: 0}
    - target: {fileID: 8095115518428649805, guid: d58b618ae12c2cb4aa6a88776b52e1c3,
        type: 3}
      propertyPath: m_LocalEulerAnglesHint.y
      value: 0
      objectReference: {fileID: 0}
    - target: {fileID: 8095115518428649805, guid: d58b618ae12c2cb4aa6a88776b52e1c3,
        type: 3}
      propertyPath: m_LocalEulerAnglesHint.z
      value: 0
      objectReference: {fileID: 0}
    m_RemovedComponents: []
  m_SourcePrefab: {fileID: 100100000, guid: d58b618ae12c2cb4aa6a88776b52e1c3, type: 3}
--- !u!4 &5551510472325758378 stripped
Transform:
  m_CorrespondingSourceObject: {fileID: 8095115518428649805, guid: d58b618ae12c2cb4aa6a88776b52e1c3,
    type: 3}
  m_PrefabInstance: {fileID: 4421776102845277415}
  m_PrefabAsset: {fileID: 0}
--- !u!1001 &4451314767713513885
PrefabInstance:
  m_ObjectHideFlags: 0
  serializedVersion: 2
  m_Modification:
    m_TransformParent: {fileID: 3621413568758361338}
    m_Modifications:
    - target: {fileID: 8095115518428649798, guid: 898fad89cc8e8534683c8355b19a35e5,
        type: 3}
      propertyPath: m_Name
      value: StandartBox_wood (4)
      objectReference: {fileID: 0}
    - target: {fileID: 8095115518428649805, guid: 898fad89cc8e8534683c8355b19a35e5,
        type: 3}
      propertyPath: m_LocalPosition.x
      value: -1.0615306
      objectReference: {fileID: 0}
    - target: {fileID: 8095115518428649805, guid: 898fad89cc8e8534683c8355b19a35e5,
        type: 3}
      propertyPath: m_LocalPosition.y
      value: 9.872449
      objectReference: {fileID: 0}
    - target: {fileID: 8095115518428649805, guid: 898fad89cc8e8534683c8355b19a35e5,
        type: 3}
      propertyPath: m_LocalPosition.z
      value: -9.672539
      objectReference: {fileID: 0}
    - target: {fileID: 8095115518428649805, guid: 898fad89cc8e8534683c8355b19a35e5,
        type: 3}
      propertyPath: m_LocalRotation.x
      value: -0
      objectReference: {fileID: 0}
    - target: {fileID: 8095115518428649805, guid: 898fad89cc8e8534683c8355b19a35e5,
        type: 3}
      propertyPath: m_LocalRotation.y
      value: -0
      objectReference: {fileID: 0}
    - target: {fileID: 8095115518428649805, guid: 898fad89cc8e8534683c8355b19a35e5,
        type: 3}
      propertyPath: m_LocalRotation.z
      value: -0
      objectReference: {fileID: 0}
    - target: {fileID: 8095115518428649805, guid: 898fad89cc8e8534683c8355b19a35e5,
        type: 3}
      propertyPath: m_LocalRotation.w
      value: 1
      objectReference: {fileID: 0}
    - target: {fileID: 8095115518428649805, guid: 898fad89cc8e8534683c8355b19a35e5,
        type: 3}
      propertyPath: m_RootOrder
      value: 3
      objectReference: {fileID: 0}
    - target: {fileID: 8095115518428649805, guid: 898fad89cc8e8534683c8355b19a35e5,
        type: 3}
      propertyPath: m_LocalEulerAnglesHint.x
      value: 0
      objectReference: {fileID: 0}
    - target: {fileID: 8095115518428649805, guid: 898fad89cc8e8534683c8355b19a35e5,
        type: 3}
      propertyPath: m_LocalEulerAnglesHint.y
      value: 0
      objectReference: {fileID: 0}
    - target: {fileID: 8095115518428649805, guid: 898fad89cc8e8534683c8355b19a35e5,
        type: 3}
      propertyPath: m_LocalEulerAnglesHint.z
      value: 0
      objectReference: {fileID: 0}
    m_RemovedComponents: []
  m_SourcePrefab: {fileID: 100100000, guid: 898fad89cc8e8534683c8355b19a35e5, type: 3}
--- !u!4 &5589424117300504784 stripped
Transform:
  m_CorrespondingSourceObject: {fileID: 8095115518428649805, guid: 898fad89cc8e8534683c8355b19a35e5,
    type: 3}
  m_PrefabInstance: {fileID: 4451314767713513885}
  m_PrefabAsset: {fileID: 0}
--- !u!1001 &5330974018615475855
PrefabInstance:
  m_ObjectHideFlags: 0
  serializedVersion: 2
  m_Modification:
    m_TransformParent: {fileID: 3621413568758361338}
    m_Modifications:
    - target: {fileID: 8095115518428649798, guid: 898fad89cc8e8534683c8355b19a35e5,
        type: 3}
      propertyPath: m_Name
      value: StandartBox_wood (3)
      objectReference: {fileID: 0}
    - target: {fileID: 8095115518428649805, guid: 898fad89cc8e8534683c8355b19a35e5,
        type: 3}
      propertyPath: m_LocalPosition.x
      value: -1.0615673
      objectReference: {fileID: 0}
    - target: {fileID: 8095115518428649805, guid: 898fad89cc8e8534683c8355b19a35e5,
        type: 3}
      propertyPath: m_LocalPosition.y
      value: 7.872449
      objectReference: {fileID: 0}
    - target: {fileID: 8095115518428649805, guid: 898fad89cc8e8534683c8355b19a35e5,
        type: 3}
      propertyPath: m_LocalPosition.z
      value: -9.672411
      objectReference: {fileID: 0}
    - target: {fileID: 8095115518428649805, guid: 898fad89cc8e8534683c8355b19a35e5,
        type: 3}
      propertyPath: m_LocalRotation.x
      value: -0
      objectReference: {fileID: 0}
    - target: {fileID: 8095115518428649805, guid: 898fad89cc8e8534683c8355b19a35e5,
        type: 3}
      propertyPath: m_LocalRotation.y
      value: -0
      objectReference: {fileID: 0}
    - target: {fileID: 8095115518428649805, guid: 898fad89cc8e8534683c8355b19a35e5,
        type: 3}
      propertyPath: m_LocalRotation.z
      value: -0
      objectReference: {fileID: 0}
    - target: {fileID: 8095115518428649805, guid: 898fad89cc8e8534683c8355b19a35e5,
        type: 3}
      propertyPath: m_LocalRotation.w
      value: 1
      objectReference: {fileID: 0}
    - target: {fileID: 8095115518428649805, guid: 898fad89cc8e8534683c8355b19a35e5,
        type: 3}
      propertyPath: m_RootOrder
      value: 9
      objectReference: {fileID: 0}
    - target: {fileID: 8095115518428649805, guid: 898fad89cc8e8534683c8355b19a35e5,
        type: 3}
      propertyPath: m_LocalEulerAnglesHint.x
      value: 0
      objectReference: {fileID: 0}
    - target: {fileID: 8095115518428649805, guid: 898fad89cc8e8534683c8355b19a35e5,
        type: 3}
      propertyPath: m_LocalEulerAnglesHint.y
      value: 0
      objectReference: {fileID: 0}
    - target: {fileID: 8095115518428649805, guid: 898fad89cc8e8534683c8355b19a35e5,
        type: 3}
      propertyPath: m_LocalEulerAnglesHint.z
      value: 0
      objectReference: {fileID: 0}
    m_RemovedComponents: []
  m_SourcePrefab: {fileID: 100100000, guid: 898fad89cc8e8534683c8355b19a35e5, type: 3}
--- !u!4 &4155920910581786562 stripped
Transform:
  m_CorrespondingSourceObject: {fileID: 8095115518428649805, guid: 898fad89cc8e8534683c8355b19a35e5,
    type: 3}
  m_PrefabInstance: {fileID: 5330974018615475855}
  m_PrefabAsset: {fileID: 0}
--- !u!1001 &5339521945865739387
PrefabInstance:
  m_ObjectHideFlags: 0
  serializedVersion: 2
  m_Modification:
    m_TransformParent: {fileID: 3621413568758361338}
    m_Modifications:
    - target: {fileID: 5744908003055810776, guid: d58b618ae12c2cb4aa6a88776b52e1c3,
        type: 3}
      propertyPath: isFixedPosition
      value: 1
      objectReference: {fileID: 0}
    - target: {fileID: 8095115518428649798, guid: d58b618ae12c2cb4aa6a88776b52e1c3,
        type: 3}
      propertyPath: m_Name
      value: CrackBox (6)
      objectReference: {fileID: 0}
    - target: {fileID: 8095115518428649805, guid: d58b618ae12c2cb4aa6a88776b52e1c3,
        type: 3}
      propertyPath: m_LocalPosition.x
      value: -1.0615
      objectReference: {fileID: 0}
    - target: {fileID: 8095115518428649805, guid: d58b618ae12c2cb4aa6a88776b52e1c3,
        type: 3}
      propertyPath: m_LocalPosition.y
      value: 3.8724
      objectReference: {fileID: 0}
    - target: {fileID: 8095115518428649805, guid: d58b618ae12c2cb4aa6a88776b52e1c3,
        type: 3}
      propertyPath: m_LocalPosition.z
      value: -9.672001
      objectReference: {fileID: 0}
    - target: {fileID: 8095115518428649805, guid: d58b618ae12c2cb4aa6a88776b52e1c3,
        type: 3}
      propertyPath: m_LocalRotation.x
      value: -0
      objectReference: {fileID: 0}
    - target: {fileID: 8095115518428649805, guid: d58b618ae12c2cb4aa6a88776b52e1c3,
        type: 3}
      propertyPath: m_LocalRotation.y
      value: -0
      objectReference: {fileID: 0}
    - target: {fileID: 8095115518428649805, guid: d58b618ae12c2cb4aa6a88776b52e1c3,
        type: 3}
      propertyPath: m_LocalRotation.z
      value: -0
      objectReference: {fileID: 0}
    - target: {fileID: 8095115518428649805, guid: d58b618ae12c2cb4aa6a88776b52e1c3,
        type: 3}
      propertyPath: m_LocalRotation.w
      value: 1
      objectReference: {fileID: 0}
    - target: {fileID: 8095115518428649805, guid: d58b618ae12c2cb4aa6a88776b52e1c3,
        type: 3}
      propertyPath: m_RootOrder
      value: 12
      objectReference: {fileID: 0}
    - target: {fileID: 8095115518428649805, guid: d58b618ae12c2cb4aa6a88776b52e1c3,
        type: 3}
      propertyPath: m_LocalEulerAnglesHint.x
      value: 0
      objectReference: {fileID: 0}
    - target: {fileID: 8095115518428649805, guid: d58b618ae12c2cb4aa6a88776b52e1c3,
        type: 3}
      propertyPath: m_LocalEulerAnglesHint.y
      value: 0
      objectReference: {fileID: 0}
    - target: {fileID: 8095115518428649805, guid: d58b618ae12c2cb4aa6a88776b52e1c3,
        type: 3}
      propertyPath: m_LocalEulerAnglesHint.z
      value: 0
      objectReference: {fileID: 0}
    m_RemovedComponents: []
  m_SourcePrefab: {fileID: 100100000, guid: d58b618ae12c2cb4aa6a88776b52e1c3, type: 3}
--- !u!4 &4201412359552222518 stripped
Transform:
  m_CorrespondingSourceObject: {fileID: 8095115518428649805, guid: d58b618ae12c2cb4aa6a88776b52e1c3,
    type: 3}
  m_PrefabInstance: {fileID: 5339521945865739387}
  m_PrefabAsset: {fileID: 0}
--- !u!1001 &5467348618809517433
PrefabInstance:
  m_ObjectHideFlags: 0
  serializedVersion: 2
  m_Modification:
    m_TransformParent: {fileID: 3621413568758361338}
    m_Modifications:
    - target: {fileID: 8095115518428649798, guid: 898fad89cc8e8534683c8355b19a35e5,
        type: 3}
      propertyPath: m_Name
      value: StandartBox_wood (5)
      objectReference: {fileID: 0}
    - target: {fileID: 8095115518428649805, guid: 898fad89cc8e8534683c8355b19a35e5,
        type: 3}
      propertyPath: m_LocalPosition.x
      value: 2.9384696
      objectReference: {fileID: 0}
    - target: {fileID: 8095115518428649805, guid: 898fad89cc8e8534683c8355b19a35e5,
        type: 3}
      propertyPath: m_LocalPosition.y
      value: 9.872449
      objectReference: {fileID: 0}
    - target: {fileID: 8095115518428649805, guid: 898fad89cc8e8534683c8355b19a35e5,
        type: 3}
      propertyPath: m_LocalPosition.z
      value: -9.672539
      objectReference: {fileID: 0}
    - target: {fileID: 8095115518428649805, guid: 898fad89cc8e8534683c8355b19a35e5,
        type: 3}
      propertyPath: m_LocalRotation.x
      value: -0
      objectReference: {fileID: 0}
    - target: {fileID: 8095115518428649805, guid: 898fad89cc8e8534683c8355b19a35e5,
        type: 3}
      propertyPath: m_LocalRotation.y
      value: -0
      objectReference: {fileID: 0}
    - target: {fileID: 8095115518428649805, guid: 898fad89cc8e8534683c8355b19a35e5,
        type: 3}
      propertyPath: m_LocalRotation.z
      value: -0
      objectReference: {fileID: 0}
    - target: {fileID: 8095115518428649805, guid: 898fad89cc8e8534683c8355b19a35e5,
        type: 3}
      propertyPath: m_LocalRotation.w
      value: 1
      objectReference: {fileID: 0}
    - target: {fileID: 8095115518428649805, guid: 898fad89cc8e8534683c8355b19a35e5,
        type: 3}
      propertyPath: m_RootOrder
      value: 2
      objectReference: {fileID: 0}
    - target: {fileID: 8095115518428649805, guid: 898fad89cc8e8534683c8355b19a35e5,
        type: 3}
      propertyPath: m_LocalEulerAnglesHint.x
      value: 0
      objectReference: {fileID: 0}
    - target: {fileID: 8095115518428649805, guid: 898fad89cc8e8534683c8355b19a35e5,
        type: 3}
      propertyPath: m_LocalEulerAnglesHint.y
      value: 0
      objectReference: {fileID: 0}
    - target: {fileID: 8095115518428649805, guid: 898fad89cc8e8534683c8355b19a35e5,
        type: 3}
      propertyPath: m_LocalEulerAnglesHint.z
      value: 0
      objectReference: {fileID: 0}
    m_RemovedComponents: []
  m_SourcePrefab: {fileID: 100100000, guid: 898fad89cc8e8534683c8355b19a35e5, type: 3}
--- !u!4 &4289762437280578612 stripped
Transform:
  m_CorrespondingSourceObject: {fileID: 8095115518428649805, guid: 898fad89cc8e8534683c8355b19a35e5,
    type: 3}
  m_PrefabInstance: {fileID: 5467348618809517433}
  m_PrefabAsset: {fileID: 0}
--- !u!1001 &5551848728206025525
PrefabInstance:
  m_ObjectHideFlags: 0
  serializedVersion: 2
  m_Modification:
    m_TransformParent: {fileID: 3621413568758361338}
    m_Modifications:
    - target: {fileID: 8095115518428649798, guid: d58b618ae12c2cb4aa6a88776b52e1c3,
        type: 3}
      propertyPath: m_Name
      value: CrackBox
      objectReference: {fileID: 0}
    - target: {fileID: 8095115518428649805, guid: d58b618ae12c2cb4aa6a88776b52e1c3,
        type: 3}
      propertyPath: m_LocalPosition.x
      value: 0.84627247
      objectReference: {fileID: 0}
    - target: {fileID: 8095115518428649805, guid: d58b618ae12c2cb4aa6a88776b52e1c3,
        type: 3}
      propertyPath: m_LocalPosition.y
      value: 5.872449
      objectReference: {fileID: 0}
    - target: {fileID: 8095115518428649805, guid: d58b618ae12c2cb4aa6a88776b52e1c3,
        type: 3}
      propertyPath: m_LocalPosition.z
      value: -9.67244
      objectReference: {fileID: 0}
    - target: {fileID: 8095115518428649805, guid: d58b618ae12c2cb4aa6a88776b52e1c3,
        type: 3}
      propertyPath: m_LocalRotation.x
      value: -0
      objectReference: {fileID: 0}
    - target: {fileID: 8095115518428649805, guid: d58b618ae12c2cb4aa6a88776b52e1c3,
        type: 3}
      propertyPath: m_LocalRotation.y
      value: -0
      objectReference: {fileID: 0}
    - target: {fileID: 8095115518428649805, guid: d58b618ae12c2cb4aa6a88776b52e1c3,
        type: 3}
      propertyPath: m_LocalRotation.z
      value: -0
      objectReference: {fileID: 0}
    - target: {fileID: 8095115518428649805, guid: d58b618ae12c2cb4aa6a88776b52e1c3,
        type: 3}
      propertyPath: m_LocalRotation.w
      value: 1
      objectReference: {fileID: 0}
    - target: {fileID: 8095115518428649805, guid: d58b618ae12c2cb4aa6a88776b52e1c3,
        type: 3}
      propertyPath: m_RootOrder
      value: 4
      objectReference: {fileID: 0}
    - target: {fileID: 8095115518428649805, guid: d58b618ae12c2cb4aa6a88776b52e1c3,
        type: 3}
      propertyPath: m_LocalEulerAnglesHint.x
      value: 0
      objectReference: {fileID: 0}
    - target: {fileID: 8095115518428649805, guid: d58b618ae12c2cb4aa6a88776b52e1c3,
        type: 3}
      propertyPath: m_LocalEulerAnglesHint.y
      value: 0
      objectReference: {fileID: 0}
    - target: {fileID: 8095115518428649805, guid: d58b618ae12c2cb4aa6a88776b52e1c3,
        type: 3}
      propertyPath: m_LocalEulerAnglesHint.z
      value: 0
      objectReference: {fileID: 0}
    m_RemovedComponents: []
  m_SourcePrefab: {fileID: 100100000, guid: d58b618ae12c2cb4aa6a88776b52e1c3, type: 3}
--- !u!4 &4421270036016904824 stripped
Transform:
  m_CorrespondingSourceObject: {fileID: 8095115518428649805, guid: d58b618ae12c2cb4aa6a88776b52e1c3,
    type: 3}
  m_PrefabInstance: {fileID: 5551848728206025525}
  m_PrefabAsset: {fileID: 0}
--- !u!1001 &6331824428538983674
PrefabInstance:
  m_ObjectHideFlags: 0
  serializedVersion: 2
  m_Modification:
    m_TransformParent: {fileID: 3621413568758361338}
    m_Modifications:
    - target: {fileID: 8095115518428649798, guid: cbe2b7b32f3272e41811d0680a7ef0d3,
        type: 3}
      propertyPath: m_Name
      value: HevyBox
      objectReference: {fileID: 0}
    - target: {fileID: 8095115518428649805, guid: cbe2b7b32f3272e41811d0680a7ef0d3,
        type: 3}
      propertyPath: m_LocalPosition.x
      value: 0.75411
      objectReference: {fileID: 0}
    - target: {fileID: 8095115518428649805, guid: cbe2b7b32f3272e41811d0680a7ef0d3,
        type: 3}
      propertyPath: m_LocalPosition.y
      value: 7.8724
      objectReference: {fileID: 0}
    - target: {fileID: 8095115518428649805, guid: cbe2b7b32f3272e41811d0680a7ef0d3,
        type: 3}
      propertyPath: m_LocalPosition.z
      value: -9.6723
      objectReference: {fileID: 0}
    - target: {fileID: 8095115518428649805, guid: cbe2b7b32f3272e41811d0680a7ef0d3,
        type: 3}
      propertyPath: m_LocalRotation.x
      value: -0
      objectReference: {fileID: 0}
    - target: {fileID: 8095115518428649805, guid: cbe2b7b32f3272e41811d0680a7ef0d3,
        type: 3}
      propertyPath: m_LocalRotation.y
      value: -0
      objectReference: {fileID: 0}
    - target: {fileID: 8095115518428649805, guid: cbe2b7b32f3272e41811d0680a7ef0d3,
        type: 3}
      propertyPath: m_LocalRotation.z
      value: -0
      objectReference: {fileID: 0}
    - target: {fileID: 8095115518428649805, guid: cbe2b7b32f3272e41811d0680a7ef0d3,
        type: 3}
      propertyPath: m_LocalRotation.w
      value: 1
      objectReference: {fileID: 0}
    - target: {fileID: 8095115518428649805, guid: cbe2b7b32f3272e41811d0680a7ef0d3,
        type: 3}
      propertyPath: m_RootOrder
      value: 5
      objectReference: {fileID: 0}
    - target: {fileID: 8095115518428649805, guid: cbe2b7b32f3272e41811d0680a7ef0d3,
        type: 3}
      propertyPath: m_LocalEulerAnglesHint.x
      value: 0
      objectReference: {fileID: 0}
    - target: {fileID: 8095115518428649805, guid: cbe2b7b32f3272e41811d0680a7ef0d3,
        type: 3}
      propertyPath: m_LocalEulerAnglesHint.y
      value: 0
      objectReference: {fileID: 0}
    - target: {fileID: 8095115518428649805, guid: cbe2b7b32f3272e41811d0680a7ef0d3,
        type: 3}
      propertyPath: m_LocalEulerAnglesHint.z
      value: 0
      objectReference: {fileID: 0}
    m_RemovedComponents: []
  m_SourcePrefab: {fileID: 100100000, guid: cbe2b7b32f3272e41811d0680a7ef0d3, type: 3}
--- !u!4 &2848676751692131767 stripped
Transform:
  m_CorrespondingSourceObject: {fileID: 8095115518428649805, guid: cbe2b7b32f3272e41811d0680a7ef0d3,
    type: 3}
  m_PrefabInstance: {fileID: 6331824428538983674}
  m_PrefabAsset: {fileID: 0}
--- !u!1001 &7079548955090431566
PrefabInstance:
  m_ObjectHideFlags: 0
  serializedVersion: 2
  m_Modification:
    m_TransformParent: {fileID: 3621413568758361338}
    m_Modifications:
    - target: {fileID: 8095115518428649798, guid: 898fad89cc8e8534683c8355b19a35e5,
        type: 3}
      propertyPath: m_Name
      value: StandartBox_wood (1)
      objectReference: {fileID: 0}
    - target: {fileID: 8095115518428649805, guid: 898fad89cc8e8534683c8355b19a35e5,
        type: 3}
      propertyPath: m_LocalPosition.x
      value: 2.8462696
      objectReference: {fileID: 0}
    - target: {fileID: 8095115518428649805, guid: 898fad89cc8e8534683c8355b19a35e5,
        type: 3}
      propertyPath: m_LocalPosition.y
      value: 5.872449
      objectReference: {fileID: 0}
    - target: {fileID: 8095115518428649805, guid: 898fad89cc8e8534683c8355b19a35e5,
        type: 3}
      propertyPath: m_LocalPosition.z
      value: -9.672411
      objectReference: {fileID: 0}
    - target: {fileID: 8095115518428649805, guid: 898fad89cc8e8534683c8355b19a35e5,
        type: 3}
      propertyPath: m_LocalRotation.x
      value: -0
      objectReference: {fileID: 0}
    - target: {fileID: 8095115518428649805, guid: 898fad89cc8e8534683c8355b19a35e5,
        type: 3}
      propertyPath: m_LocalRotation.y
      value: -0
      objectReference: {fileID: 0}
    - target: {fileID: 8095115518428649805, guid: 898fad89cc8e8534683c8355b19a35e5,
        type: 3}
      propertyPath: m_LocalRotation.z
      value: -0
      objectReference: {fileID: 0}
    - target: {fileID: 8095115518428649805, guid: 898fad89cc8e8534683c8355b19a35e5,
        type: 3}
      propertyPath: m_LocalRotation.w
      value: 1
      objectReference: {fileID: 0}
    - target: {fileID: 8095115518428649805, guid: 898fad89cc8e8534683c8355b19a35e5,
        type: 3}
      propertyPath: m_RootOrder
      value: 7
      objectReference: {fileID: 0}
    - target: {fileID: 8095115518428649805, guid: 898fad89cc8e8534683c8355b19a35e5,
        type: 3}
      propertyPath: m_LocalEulerAnglesHint.x
      value: 0
      objectReference: {fileID: 0}
    - target: {fileID: 8095115518428649805, guid: 898fad89cc8e8534683c8355b19a35e5,
        type: 3}
      propertyPath: m_LocalEulerAnglesHint.y
      value: 0
      objectReference: {fileID: 0}
    - target: {fileID: 8095115518428649805, guid: 898fad89cc8e8534683c8355b19a35e5,
        type: 3}
      propertyPath: m_LocalEulerAnglesHint.z
      value: 0
      objectReference: {fileID: 0}
    m_RemovedComponents: []
  m_SourcePrefab: {fileID: 100100000, guid: 898fad89cc8e8534683c8355b19a35e5, type: 3}
--- !u!4 &1326377089159804675 stripped
Transform:
  m_CorrespondingSourceObject: {fileID: 8095115518428649805, guid: 898fad89cc8e8534683c8355b19a35e5,
    type: 3}
  m_PrefabInstance: {fileID: 7079548955090431566}
  m_PrefabAsset: {fileID: 0}
--- !u!1001 &8139608483666870160
PrefabInstance:
  m_ObjectHideFlags: 0
  serializedVersion: 2
  m_Modification:
    m_TransformParent: {fileID: 3621413568758361338}
    m_Modifications:
    - target: {fileID: 8095115518428649798, guid: 898fad89cc8e8534683c8355b19a35e5,
        type: 3}
      propertyPath: m_Name
      value: StandartBox_wood (2)
      objectReference: {fileID: 0}
    - target: {fileID: 8095115518428649805, guid: 898fad89cc8e8534683c8355b19a35e5,
        type: 3}
      propertyPath: m_LocalPosition.x
      value: 2.8462696
      objectReference: {fileID: 0}
    - target: {fileID: 8095115518428649805, guid: 898fad89cc8e8534683c8355b19a35e5,
        type: 3}
      propertyPath: m_LocalPosition.y
      value: 7.872449
      objectReference: {fileID: 0}
    - target: {fileID: 8095115518428649805, guid: 898fad89cc8e8534683c8355b19a35e5,
        type: 3}
      propertyPath: m_LocalPosition.z
      value: -9.672411
      objectReference: {fileID: 0}
    - target: {fileID: 8095115518428649805, guid: 898fad89cc8e8534683c8355b19a35e5,
        type: 3}
      propertyPath: m_LocalRotation.x
      value: -0
      objectReference: {fileID: 0}
    - target: {fileID: 8095115518428649805, guid: 898fad89cc8e8534683c8355b19a35e5,
        type: 3}
      propertyPath: m_LocalRotation.y
      value: -0
      objectReference: {fileID: 0}
    - target: {fileID: 8095115518428649805, guid: 898fad89cc8e8534683c8355b19a35e5,
        type: 3}
      propertyPath: m_LocalRotation.z
      value: -0
      objectReference: {fileID: 0}
    - target: {fileID: 8095115518428649805, guid: 898fad89cc8e8534683c8355b19a35e5,
        type: 3}
      propertyPath: m_LocalRotation.w
      value: 1
      objectReference: {fileID: 0}
    - target: {fileID: 8095115518428649805, guid: 898fad89cc8e8534683c8355b19a35e5,
        type: 3}
      propertyPath: m_RootOrder
      value: 8
      objectReference: {fileID: 0}
    - target: {fileID: 8095115518428649805, guid: 898fad89cc8e8534683c8355b19a35e5,
        type: 3}
      propertyPath: m_LocalEulerAnglesHint.x
      value: 0
      objectReference: {fileID: 0}
    - target: {fileID: 8095115518428649805, guid: 898fad89cc8e8534683c8355b19a35e5,
        type: 3}
      propertyPath: m_LocalEulerAnglesHint.y
      value: 0
      objectReference: {fileID: 0}
    - target: {fileID: 8095115518428649805, guid: 898fad89cc8e8534683c8355b19a35e5,
        type: 3}
      propertyPath: m_LocalEulerAnglesHint.z
      value: 0
      objectReference: {fileID: 0}
    m_RemovedComponents: []
  m_SourcePrefab: {fileID: 100100000, guid: 898fad89cc8e8534683c8355b19a35e5, type: 3}
--- !u!4 &45619178946242269 stripped
Transform:
  m_CorrespondingSourceObject: {fileID: 8095115518428649805, guid: 898fad89cc8e8534683c8355b19a35e5,
    type: 3}
  m_PrefabInstance: {fileID: 8139608483666870160}
  m_PrefabAsset: {fileID: 0}
--- !u!1001 &8853554925860249885
PrefabInstance:
  m_ObjectHideFlags: 0
  serializedVersion: 2
  m_Modification:
    m_TransformParent: {fileID: 3621413568758361338}
    m_Modifications:
    - target: {fileID: 239599965053548890, guid: 687b316498df75b44b2a1499edea309c,
        type: 3}
      propertyPath: m_Name
      value: BlastCorner (1)
      objectReference: {fileID: 0}
    - target: {fileID: 3821413405967813449, guid: 687b316498df75b44b2a1499edea309c,
        type: 3}
      propertyPath: m_LocalPosition.x
      value: 2.9385004
      objectReference: {fileID: 0}
    - target: {fileID: 3821413405967813449, guid: 687b316498df75b44b2a1499edea309c,
        type: 3}
      propertyPath: m_LocalPosition.y
      value: 11.872099
      objectReference: {fileID: 0}
    - target: {fileID: 3821413405967813449, guid: 687b316498df75b44b2a1499edea309c,
        type: 3}
      propertyPath: m_LocalPosition.z
      value: -8.672539
      objectReference: {fileID: 0}
    - target: {fileID: 3821413405967813449, guid: 687b316498df75b44b2a1499edea309c,
        type: 3}
      propertyPath: m_LocalRotation.x
      value: -0
      objectReference: {fileID: 0}
    - target: {fileID: 3821413405967813449, guid: 687b316498df75b44b2a1499edea309c,
        type: 3}
      propertyPath: m_LocalRotation.y
      value: 0.7071068
      objectReference: {fileID: 0}
    - target: {fileID: 3821413405967813449, guid: 687b316498df75b44b2a1499edea309c,
        type: 3}
      propertyPath: m_LocalRotation.z
      value: 0.7071068
      objectReference: {fileID: 0}
    - target: {fileID: 3821413405967813449, guid: 687b316498df75b44b2a1499edea309c,
        type: 3}
      propertyPath: m_LocalRotation.w
      value: 0
      objectReference: {fileID: 0}
    - target: {fileID: 3821413405967813449, guid: 687b316498df75b44b2a1499edea309c,
        type: 3}
      propertyPath: m_RootOrder
      value: 0
      objectReference: {fileID: 0}
    - target: {fileID: 3821413405967813449, guid: 687b316498df75b44b2a1499edea309c,
        type: 3}
      propertyPath: m_LocalEulerAnglesHint.x
      value: -90
      objectReference: {fileID: 0}
    - target: {fileID: 3821413405967813449, guid: 687b316498df75b44b2a1499edea309c,
        type: 3}
      propertyPath: m_LocalEulerAnglesHint.y
      value: 0
      objectReference: {fileID: 0}
    - target: {fileID: 3821413405967813449, guid: 687b316498df75b44b2a1499edea309c,
        type: 3}
      propertyPath: m_LocalEulerAnglesHint.z
      value: 180
      objectReference: {fileID: 0}
    m_RemovedComponents: []
  m_SourcePrefab: {fileID: 100100000, guid: 687b316498df75b44b2a1499edea309c, type: 3}
--- !u!4 &5752863033645853268 stripped
Transform:
  m_CorrespondingSourceObject: {fileID: 3821413405967813449, guid: 687b316498df75b44b2a1499edea309c,
    type: 3}
  m_PrefabInstance: {fileID: 8853554925860249885}
  m_PrefabAsset: {fileID: 0}
