%YAML 1.1
%TAG !u! tag:unity3d.com,2011:
--- !u!1 &1058630695337322592
GameObject:
  m_ObjectHideFlags: 0
  m_CorrespondingSourceObject: {fileID: 0}
  m_PrefabInstance: {fileID: 0}
  m_PrefabAsset: {fileID: 0}
  serializedVersion: 6
  m_Component:
  - component: {fileID: 7649280086402694984}
  - component: {fileID: 1758956944037152099}
  m_Layer: 0
  m_Name: Level_8
  m_TagString: Untagged
  m_Icon: {fileID: 0}
  m_NavMeshLayer: 0
  m_StaticEditorFlags: 0
  m_IsActive: 1
--- !u!4 &7649280086402694984
Transform:
  m_ObjectHideFlags: 0
  m_CorrespondingSourceObject: {fileID: 0}
  m_PrefabInstance: {fileID: 0}
  m_PrefabAsset: {fileID: 0}
  m_GameObject: {fileID: 1058630695337322592}
  m_LocalRotation: {x: 0, y: 0, z: 0, w: 1}
  m_LocalPosition: {x: -0.8862695, y: 2.2175515, z: 30.15241}
  m_LocalScale: {x: 1, y: 1, z: 1}
  m_Children:
  - {fileID: 2199988062781221347}
  - {fileID: 8036369722827568866}
  - {fileID: 3230739577401504787}
  - {fileID: 2955417679529251904}
  - {fileID: 7503733580226895349}
  - {fileID: 6928851954659450388}
  - {fileID: 4068794121865935403}
  - {fileID: 5559105151991348535}
  - {fileID: 4594316498279908064}
  - {fileID: 6786564234529463894}
  - {fileID: 7548426983457566036}
  - {fileID: 3191915995729669577}
  - {fileID: 230756766280940646}
  m_Father: {fileID: 0}
  m_RootOrder: 0
  m_LocalEulerAnglesHint: {x: 0, y: 0, z: 0}
--- !u!114 &1758956944037152099
MonoBehaviour:
  m_ObjectHideFlags: 0
  m_CorrespondingSourceObject: {fileID: 0}
  m_PrefabInstance: {fileID: 0}
  m_PrefabAsset: {fileID: 0}
  m_GameObject: {fileID: 1058630695337322592}
  m_Enabled: 1
  m_EditorHideFlags: 0
  m_Script: {fileID: 11500000, guid: d512e0047caef1c4f9a7379a9e50d379, type: 3}
  m_Name: 
  m_EditorClassIdentifier: 
  prefab: {fileID: 0}
  boxDatas: []
  BulletsToLevel: 10
  BoxCount: 0
--- !u!1001 &1188838739733792601
PrefabInstance:
  m_ObjectHideFlags: 0
  serializedVersion: 2
  m_Modification:
    m_TransformParent: {fileID: 7649280086402694984}
    m_Modifications:
    - target: {fileID: 8095115518428649798, guid: 898fad89cc8e8534683c8355b19a35e5,
        type: 3}
      propertyPath: m_Name
      value: StandartBox_wood (3)
      objectReference: {fileID: 0}
    - target: {fileID: 8095115518428649805, guid: 898fad89cc8e8534683c8355b19a35e5,
        type: 3}
      propertyPath: m_LocalPosition.x
      value: 1.7484396
      objectReference: {fileID: 0}
    - target: {fileID: 8095115518428649805, guid: 898fad89cc8e8534683c8355b19a35e5,
        type: 3}
      propertyPath: m_LocalPosition.y
      value: 7.282449
      objectReference: {fileID: 0}
    - target: {fileID: 8095115518428649805, guid: 898fad89cc8e8534683c8355b19a35e5,
        type: 3}
      propertyPath: m_LocalPosition.z
      value: -11.9614105
      objectReference: {fileID: 0}
    - target: {fileID: 8095115518428649805, guid: 898fad89cc8e8534683c8355b19a35e5,
        type: 3}
      propertyPath: m_LocalRotation.x
      value: -0
      objectReference: {fileID: 0}
    - target: {fileID: 8095115518428649805, guid: 898fad89cc8e8534683c8355b19a35e5,
        type: 3}
      propertyPath: m_LocalRotation.y
      value: -0
      objectReference: {fileID: 0}
    - target: {fileID: 8095115518428649805, guid: 898fad89cc8e8534683c8355b19a35e5,
        type: 3}
      propertyPath: m_LocalRotation.z
      value: -0
      objectReference: {fileID: 0}
    - target: {fileID: 8095115518428649805, guid: 898fad89cc8e8534683c8355b19a35e5,
        type: 3}
      propertyPath: m_LocalRotation.w
      value: 1
      objectReference: {fileID: 0}
    - target: {fileID: 8095115518428649805, guid: 898fad89cc8e8534683c8355b19a35e5,
        type: 3}
      propertyPath: m_RootOrder
      value: 5
      objectReference: {fileID: 0}
    - target: {fileID: 8095115518428649805, guid: 898fad89cc8e8534683c8355b19a35e5,
        type: 3}
      propertyPath: m_LocalEulerAnglesHint.x
      value: 0
      objectReference: {fileID: 0}
    - target: {fileID: 8095115518428649805, guid: 898fad89cc8e8534683c8355b19a35e5,
        type: 3}
      propertyPath: m_LocalEulerAnglesHint.y
      value: 0
      objectReference: {fileID: 0}
    - target: {fileID: 8095115518428649805, guid: 898fad89cc8e8534683c8355b19a35e5,
        type: 3}
      propertyPath: m_LocalEulerAnglesHint.z
      value: 0
      objectReference: {fileID: 0}
    m_RemovedComponents: []
  m_SourcePrefab: {fileID: 100100000, guid: 898fad89cc8e8534683c8355b19a35e5, type: 3}
--- !u!4 &6928851954659450388 stripped
Transform:
  m_CorrespondingSourceObject: {fileID: 8095115518428649805, guid: 898fad89cc8e8534683c8355b19a35e5,
    type: 3}
  m_PrefabInstance: {fileID: 1188838739733792601}
  m_PrefabAsset: {fileID: 0}
--- !u!1001 &1762382190666646712
PrefabInstance:
  m_ObjectHideFlags: 0
  serializedVersion: 2
  m_Modification:
    m_TransformParent: {fileID: 7649280086402694984}
    m_Modifications:
    - target: {fileID: 8095115518428649798, guid: 898fad89cc8e8534683c8355b19a35e5,
        type: 3}
      propertyPath: m_Name
      value: StandartBox_wood (4)
      objectReference: {fileID: 0}
    - target: {fileID: 8095115518428649805, guid: 898fad89cc8e8534683c8355b19a35e5,
        type: 3}
      propertyPath: m_LocalPosition.x
      value: -0.2515605
      objectReference: {fileID: 0}
    - target: {fileID: 8095115518428649805, guid: 898fad89cc8e8534683c8355b19a35e5,
        type: 3}
      propertyPath: m_LocalPosition.y
      value: 7.282449
      objectReference: {fileID: 0}
    - target: {fileID: 8095115518428649805, guid: 898fad89cc8e8534683c8355b19a35e5,
        type: 3}
      propertyPath: m_LocalPosition.z
      value: -11.9614105
      objectReference: {fileID: 0}
    - target: {fileID: 8095115518428649805, guid: 898fad89cc8e8534683c8355b19a35e5,
        type: 3}
      propertyPath: m_LocalRotation.x
      value: -0
      objectReference: {fileID: 0}
    - target: {fileID: 8095115518428649805, guid: 898fad89cc8e8534683c8355b19a35e5,
        type: 3}
      propertyPath: m_LocalRotation.y
      value: -0
      objectReference: {fileID: 0}
    - target: {fileID: 8095115518428649805, guid: 898fad89cc8e8534683c8355b19a35e5,
        type: 3}
      propertyPath: m_LocalRotation.z
      value: -0
      objectReference: {fileID: 0}
    - target: {fileID: 8095115518428649805, guid: 898fad89cc8e8534683c8355b19a35e5,
        type: 3}
      propertyPath: m_LocalRotation.w
      value: 1
      objectReference: {fileID: 0}
    - target: {fileID: 8095115518428649805, guid: 898fad89cc8e8534683c8355b19a35e5,
        type: 3}
      propertyPath: m_RootOrder
      value: 4
      objectReference: {fileID: 0}
    - target: {fileID: 8095115518428649805, guid: 898fad89cc8e8534683c8355b19a35e5,
        type: 3}
      propertyPath: m_LocalEulerAnglesHint.x
      value: 0
      objectReference: {fileID: 0}
    - target: {fileID: 8095115518428649805, guid: 898fad89cc8e8534683c8355b19a35e5,
        type: 3}
      propertyPath: m_LocalEulerAnglesHint.y
      value: 0
      objectReference: {fileID: 0}
    - target: {fileID: 8095115518428649805, guid: 898fad89cc8e8534683c8355b19a35e5,
        type: 3}
      propertyPath: m_LocalEulerAnglesHint.z
      value: 0
      objectReference: {fileID: 0}
    m_RemovedComponents: []
  m_SourcePrefab: {fileID: 100100000, guid: 898fad89cc8e8534683c8355b19a35e5, type: 3}
--- !u!4 &7503733580226895349 stripped
Transform:
  m_CorrespondingSourceObject: {fileID: 8095115518428649805, guid: 898fad89cc8e8534683c8355b19a35e5,
    type: 3}
  m_PrefabInstance: {fileID: 1762382190666646712}
  m_PrefabAsset: {fileID: 0}
--- !u!1001 &1771822262111384601
PrefabInstance:
  m_ObjectHideFlags: 0
  serializedVersion: 2
  m_Modification:
    m_TransformParent: {fileID: 7649280086402694984}
    m_Modifications:
    - target: {fileID: 8095115518428649798, guid: 898fad89cc8e8534683c8355b19a35e5,
        type: 3}
      propertyPath: m_Name
      value: StandartBox_wood (7)
      objectReference: {fileID: 0}
    - target: {fileID: 8095115518428649805, guid: 898fad89cc8e8534683c8355b19a35e5,
        type: 3}
      propertyPath: m_LocalPosition.x
      value: 1.7484396
      objectReference: {fileID: 0}
    - target: {fileID: 8095115518428649805, guid: 898fad89cc8e8534683c8355b19a35e5,
        type: 3}
      propertyPath: m_LocalPosition.y
      value: 5.282449
      objectReference: {fileID: 0}
    - target: {fileID: 8095115518428649805, guid: 898fad89cc8e8534683c8355b19a35e5,
        type: 3}
      propertyPath: m_LocalPosition.z
      value: -9.9614105
      objectReference: {fileID: 0}
    - target: {fileID: 8095115518428649805, guid: 898fad89cc8e8534683c8355b19a35e5,
        type: 3}
      propertyPath: m_LocalRotation.x
      value: -0
      objectReference: {fileID: 0}
    - target: {fileID: 8095115518428649805, guid: 898fad89cc8e8534683c8355b19a35e5,
        type: 3}
      propertyPath: m_LocalRotation.y
      value: -0
      objectReference: {fileID: 0}
    - target: {fileID: 8095115518428649805, guid: 898fad89cc8e8534683c8355b19a35e5,
        type: 3}
      propertyPath: m_LocalRotation.z
      value: -0
      objectReference: {fileID: 0}
    - target: {fileID: 8095115518428649805, guid: 898fad89cc8e8534683c8355b19a35e5,
        type: 3}
      propertyPath: m_LocalRotation.w
      value: 1
      objectReference: {fileID: 0}
    - target: {fileID: 8095115518428649805, guid: 898fad89cc8e8534683c8355b19a35e5,
        type: 3}
      propertyPath: m_RootOrder
      value: 10
      objectReference: {fileID: 0}
    - target: {fileID: 8095115518428649805, guid: 898fad89cc8e8534683c8355b19a35e5,
        type: 3}
      propertyPath: m_LocalEulerAnglesHint.x
      value: 0
      objectReference: {fileID: 0}
    - target: {fileID: 8095115518428649805, guid: 898fad89cc8e8534683c8355b19a35e5,
        type: 3}
      propertyPath: m_LocalEulerAnglesHint.y
      value: 0
      objectReference: {fileID: 0}
    - target: {fileID: 8095115518428649805, guid: 898fad89cc8e8534683c8355b19a35e5,
        type: 3}
      propertyPath: m_LocalEulerAnglesHint.z
      value: 0
      objectReference: {fileID: 0}
    m_RemovedComponents: []
  m_SourcePrefab: {fileID: 100100000, guid: 898fad89cc8e8534683c8355b19a35e5, type: 3}
--- !u!4 &7548426983457566036 stripped
Transform:
  m_CorrespondingSourceObject: {fileID: 8095115518428649805, guid: 898fad89cc8e8534683c8355b19a35e5,
    type: 3}
  m_PrefabInstance: {fileID: 1771822262111384601}
  m_PrefabAsset: {fileID: 0}
--- !u!1001 &1863795052433604442
PrefabInstance:
  m_ObjectHideFlags: 0
  serializedVersion: 2
  m_Modification:
    m_TransformParent: {fileID: 7649280086402694984}
    m_Modifications:
    - target: {fileID: 239599965053548890, guid: 7581d91e457335d489399661173c8adb,
        type: 3}
      propertyPath: m_Name
      value: StandartCorner_wood (1)
      objectReference: {fileID: 0}
    - target: {fileID: 3821413405967813449, guid: 7581d91e457335d489399661173c8adb,
        type: 3}
      propertyPath: m_LocalPosition.x
      value: -0.25153047
      objectReference: {fileID: 0}
    - target: {fileID: 3821413405967813449, guid: 7581d91e457335d489399661173c8adb,
        type: 3}
      propertyPath: m_LocalPosition.y
      value: 9.282449
      objectReference: {fileID: 0}
    - target: {fileID: 3821413405967813449, guid: 7581d91e457335d489399661173c8adb,
        type: 3}
      propertyPath: m_LocalPosition.z
      value: -10.9614105
      objectReference: {fileID: 0}
    - target: {fileID: 3821413405967813449, guid: 7581d91e457335d489399661173c8adb,
        type: 3}
      propertyPath: m_LocalRotation.x
      value: -0
      objectReference: {fileID: 0}
    - target: {fileID: 3821413405967813449, guid: 7581d91e457335d489399661173c8adb,
        type: 3}
      propertyPath: m_LocalRotation.y
      value: 0.7071068
      objectReference: {fileID: 0}
    - target: {fileID: 3821413405967813449, guid: 7581d91e457335d489399661173c8adb,
        type: 3}
      propertyPath: m_LocalRotation.z
      value: 0.7071068
      objectReference: {fileID: 0}
    - target: {fileID: 3821413405967813449, guid: 7581d91e457335d489399661173c8adb,
        type: 3}
      propertyPath: m_LocalRotation.w
      value: 0
      objectReference: {fileID: 0}
    - target: {fileID: 3821413405967813449, guid: 7581d91e457335d489399661173c8adb,
        type: 3}
      propertyPath: m_RootOrder
      value: 2
      objectReference: {fileID: 0}
    - target: {fileID: 3821413405967813449, guid: 7581d91e457335d489399661173c8adb,
        type: 3}
      propertyPath: m_LocalEulerAnglesHint.x
      value: -90
      objectReference: {fileID: 0}
    - target: {fileID: 3821413405967813449, guid: 7581d91e457335d489399661173c8adb,
        type: 3}
      propertyPath: m_LocalEulerAnglesHint.y
      value: 0
      objectReference: {fileID: 0}
    - target: {fileID: 3821413405967813449, guid: 7581d91e457335d489399661173c8adb,
        type: 3}
      propertyPath: m_LocalEulerAnglesHint.z
      value: 180
      objectReference: {fileID: 0}
    - target: {fileID: 3821413405967813449, guid: 7581d91e457335d489399661173c8adb,
        type: 3}
      propertyPath: m_LocalScale.x
      value: 1
      objectReference: {fileID: 0}
    - target: {fileID: 3821413405967813449, guid: 7581d91e457335d489399661173c8adb,
        type: 3}
      propertyPath: m_LocalScale.y
      value: 1
      objectReference: {fileID: 0}
    - target: {fileID: 3821413405967813449, guid: 7581d91e457335d489399661173c8adb,
        type: 3}
      propertyPath: m_LocalScale.z
      value: 1
      objectReference: {fileID: 0}
    m_RemovedComponents: []
  m_SourcePrefab: {fileID: 100100000, guid: 7581d91e457335d489399661173c8adb, type: 3}
--- !u!4 &3230739577401504787 stripped
Transform:
  m_CorrespondingSourceObject: {fileID: 3821413405967813449, guid: 7581d91e457335d489399661173c8adb,
    type: 3}
  m_PrefabInstance: {fileID: 1863795052433604442}
  m_PrefabAsset: {fileID: 0}
--- !u!1001 &2020888655570181897
PrefabInstance:
  m_ObjectHideFlags: 0
  serializedVersion: 2
  m_Modification:
    m_TransformParent: {fileID: 7649280086402694984}
    m_Modifications:
    - target: {fileID: 239599965053548890, guid: 7581d91e457335d489399661173c8adb,
        type: 3}
      propertyPath: m_Name
      value: StandartCorner_wood
      objectReference: {fileID: 0}
    - target: {fileID: 3821413405967813449, guid: 7581d91e457335d489399661173c8adb,
        type: 3}
      propertyPath: m_LocalPosition.x
      value: 1.7484396
      objectReference: {fileID: 0}
    - target: {fileID: 3821413405967813449, guid: 7581d91e457335d489399661173c8adb,
        type: 3}
      propertyPath: m_LocalPosition.y
      value: 9.282449
      objectReference: {fileID: 0}
    - target: {fileID: 3821413405967813449, guid: 7581d91e457335d489399661173c8adb,
        type: 3}
      propertyPath: m_LocalPosition.z
      value: -10.9614105
      objectReference: {fileID: 0}
    - target: {fileID: 3821413405967813449, guid: 7581d91e457335d489399661173c8adb,
        type: 3}
      propertyPath: m_LocalRotation.x
      value: -0.7071068
      objectReference: {fileID: 0}
    - target: {fileID: 3821413405967813449, guid: 7581d91e457335d489399661173c8adb,
        type: 3}
      propertyPath: m_LocalRotation.y
      value: -0
      objectReference: {fileID: 0}
    - target: {fileID: 3821413405967813449, guid: 7581d91e457335d489399661173c8adb,
        type: 3}
      propertyPath: m_LocalRotation.z
      value: -0
      objectReference: {fileID: 0}
    - target: {fileID: 3821413405967813449, guid: 7581d91e457335d489399661173c8adb,
        type: 3}
      propertyPath: m_LocalRotation.w
      value: 0.7071068
      objectReference: {fileID: 0}
    - target: {fileID: 3821413405967813449, guid: 7581d91e457335d489399661173c8adb,
        type: 3}
      propertyPath: m_RootOrder
      value: 3
      objectReference: {fileID: 0}
    - target: {fileID: 3821413405967813449, guid: 7581d91e457335d489399661173c8adb,
        type: 3}
      propertyPath: m_LocalEulerAnglesHint.x
      value: -90
      objectReference: {fileID: 0}
    - target: {fileID: 3821413405967813449, guid: 7581d91e457335d489399661173c8adb,
        type: 3}
      propertyPath: m_LocalEulerAnglesHint.y
      value: 0
      objectReference: {fileID: 0}
    - target: {fileID: 3821413405967813449, guid: 7581d91e457335d489399661173c8adb,
        type: 3}
      propertyPath: m_LocalEulerAnglesHint.z
      value: 0
      objectReference: {fileID: 0}
    - target: {fileID: 3821413405967813449, guid: 7581d91e457335d489399661173c8adb,
        type: 3}
      propertyPath: m_LocalScale.x
      value: 1
      objectReference: {fileID: 0}
    - target: {fileID: 3821413405967813449, guid: 7581d91e457335d489399661173c8adb,
        type: 3}
      propertyPath: m_LocalScale.y
      value: 1
      objectReference: {fileID: 0}
    - target: {fileID: 3821413405967813449, guid: 7581d91e457335d489399661173c8adb,
        type: 3}
      propertyPath: m_LocalScale.z
      value: 1
      objectReference: {fileID: 0}
    m_RemovedComponents: []
  m_SourcePrefab: {fileID: 100100000, guid: 7581d91e457335d489399661173c8adb, type: 3}
--- !u!4 &2955417679529251904 stripped
Transform:
  m_CorrespondingSourceObject: {fileID: 3821413405967813449, guid: 7581d91e457335d489399661173c8adb,
    type: 3}
  m_PrefabInstance: {fileID: 2020888655570181897}
  m_PrefabAsset: {fileID: 0}
--- !u!1001 &3138883880670208682
PrefabInstance:
  m_ObjectHideFlags: 0
  serializedVersion: 2
  m_Modification:
    m_TransformParent: {fileID: 7649280086402694984}
    m_Modifications:
    - target: {fileID: 239599965053548890, guid: 7581d91e457335d489399661173c8adb,
        type: 3}
      propertyPath: m_Name
      value: StandartCorner_wood (2)
      objectReference: {fileID: 0}
    - target: {fileID: 3821413405967813449, guid: 7581d91e457335d489399661173c8adb,
        type: 3}
      propertyPath: m_LocalPosition.x
      value: 0.7485395
      objectReference: {fileID: 0}
    - target: {fileID: 3821413405967813449, guid: 7581d91e457335d489399661173c8adb,
        type: 3}
      propertyPath: m_LocalPosition.y
      value: 9.679449
      objectReference: {fileID: 0}
    - target: {fileID: 3821413405967813449, guid: 7581d91e457335d489399661173c8adb,
        type: 3}
      propertyPath: m_LocalPosition.z
      value: -10.9614105
      objectReference: {fileID: 0}
    - target: {fileID: 3821413405967813449, guid: 7581d91e457335d489399661173c8adb,
        type: 3}
      propertyPath: m_LocalRotation.x
      value: -0.26664993
      objectReference: {fileID: 0}
    - target: {fileID: 3821413405967813449, guid: 7581d91e457335d489399661173c8adb,
        type: 3}
      propertyPath: m_LocalRotation.y
      value: -0.6549029
      objectReference: {fileID: 0}
    - target: {fileID: 3821413405967813449, guid: 7581d91e457335d489399661173c8adb,
        type: 3}
      propertyPath: m_LocalRotation.z
      value: 0.654903
      objectReference: {fileID: 0}
    - target: {fileID: 3821413405967813449, guid: 7581d91e457335d489399661173c8adb,
        type: 3}
      propertyPath: m_LocalRotation.w
      value: 0.26664996
      objectReference: {fileID: 0}
    - target: {fileID: 3821413405967813449, guid: 7581d91e457335d489399661173c8adb,
        type: 3}
      propertyPath: m_RootOrder
      value: 0
      objectReference: {fileID: 0}
    - target: {fileID: 3821413405967813449, guid: 7581d91e457335d489399661173c8adb,
        type: 3}
      propertyPath: m_LocalEulerAnglesHint.x
      value: -225.692
      objectReference: {fileID: 0}
    - target: {fileID: 3821413405967813449, guid: 7581d91e457335d489399661173c8adb,
        type: 3}
      propertyPath: m_LocalEulerAnglesHint.y
      value: 89.99999
      objectReference: {fileID: 0}
    - target: {fileID: 3821413405967813449, guid: 7581d91e457335d489399661173c8adb,
        type: 3}
      propertyPath: m_LocalEulerAnglesHint.z
      value: -90
      objectReference: {fileID: 0}
    - target: {fileID: 3821413405967813449, guid: 7581d91e457335d489399661173c8adb,
        type: 3}
      propertyPath: m_LocalScale.x
      value: 1
      objectReference: {fileID: 0}
    - target: {fileID: 3821413405967813449, guid: 7581d91e457335d489399661173c8adb,
        type: 3}
      propertyPath: m_LocalScale.y
      value: 1
      objectReference: {fileID: 0}
    - target: {fileID: 3821413405967813449, guid: 7581d91e457335d489399661173c8adb,
        type: 3}
      propertyPath: m_LocalScale.z
      value: 1
      objectReference: {fileID: 0}
    m_RemovedComponents: []
  m_SourcePrefab: {fileID: 100100000, guid: 7581d91e457335d489399661173c8adb, type: 3}
--- !u!4 &2199988062781221347 stripped
Transform:
  m_CorrespondingSourceObject: {fileID: 3821413405967813449, guid: 7581d91e457335d489399661173c8adb,
    type: 3}
  m_PrefabInstance: {fileID: 3138883880670208682}
  m_PrefabAsset: {fileID: 0}
--- !u!1001 &3348734849640744731
PrefabInstance:
  m_ObjectHideFlags: 0
  serializedVersion: 2
  m_Modification:
    m_TransformParent: {fileID: 7649280086402694984}
    m_Modifications:
    - target: {fileID: 8095115518428649798, guid: 898fad89cc8e8534683c8355b19a35e5,
        type: 3}
      propertyPath: m_Name
      value: StandartBox_wood (8)
      objectReference: {fileID: 0}
    - target: {fileID: 8095115518428649805, guid: 898fad89cc8e8534683c8355b19a35e5,
        type: 3}
      propertyPath: m_LocalPosition.x
      value: -0.25155884
      objectReference: {fileID: 0}
    - target: {fileID: 8095115518428649805, guid: 898fad89cc8e8534683c8355b19a35e5,
        type: 3}
      propertyPath: m_LocalPosition.y
      value: 5.282449
      objectReference: {fileID: 0}
    - target: {fileID: 8095115518428649805, guid: 898fad89cc8e8534683c8355b19a35e5,
        type: 3}
      propertyPath: m_LocalPosition.z
      value: -9.9614105
      objectReference: {fileID: 0}
    - target: {fileID: 8095115518428649805, guid: 898fad89cc8e8534683c8355b19a35e5,
        type: 3}
      propertyPath: m_LocalRotation.x
      value: -0
      objectReference: {fileID: 0}
    - target: {fileID: 8095115518428649805, guid: 898fad89cc8e8534683c8355b19a35e5,
        type: 3}
      propertyPath: m_LocalRotation.y
      value: -0
      objectReference: {fileID: 0}
    - target: {fileID: 8095115518428649805, guid: 898fad89cc8e8534683c8355b19a35e5,
        type: 3}
      propertyPath: m_LocalRotation.z
      value: -0
      objectReference: {fileID: 0}
    - target: {fileID: 8095115518428649805, guid: 898fad89cc8e8534683c8355b19a35e5,
        type: 3}
      propertyPath: m_LocalRotation.w
      value: 1
      objectReference: {fileID: 0}
    - target: {fileID: 8095115518428649805, guid: 898fad89cc8e8534683c8355b19a35e5,
        type: 3}
      propertyPath: m_RootOrder
      value: 9
      objectReference: {fileID: 0}
    - target: {fileID: 8095115518428649805, guid: 898fad89cc8e8534683c8355b19a35e5,
        type: 3}
      propertyPath: m_LocalEulerAnglesHint.x
      value: 0
      objectReference: {fileID: 0}
    - target: {fileID: 8095115518428649805, guid: 898fad89cc8e8534683c8355b19a35e5,
        type: 3}
      propertyPath: m_LocalEulerAnglesHint.y
      value: 0
      objectReference: {fileID: 0}
    - target: {fileID: 8095115518428649805, guid: 898fad89cc8e8534683c8355b19a35e5,
        type: 3}
      propertyPath: m_LocalEulerAnglesHint.z
      value: 0
      objectReference: {fileID: 0}
    m_RemovedComponents: []
  m_SourcePrefab: {fileID: 100100000, guid: 898fad89cc8e8534683c8355b19a35e5, type: 3}
--- !u!4 &6786564234529463894 stripped
Transform:
  m_CorrespondingSourceObject: {fileID: 8095115518428649805, guid: 898fad89cc8e8534683c8355b19a35e5,
    type: 3}
  m_PrefabInstance: {fileID: 3348734849640744731}
  m_PrefabAsset: {fileID: 0}
--- !u!1001 &4427680558005216378
PrefabInstance:
  m_ObjectHideFlags: 0
  serializedVersion: 2
  m_Modification:
    m_TransformParent: {fileID: 7649280086402694984}
    m_Modifications:
    - target: {fileID: 8095115518428649798, guid: 898fad89cc8e8534683c8355b19a35e5,
        type: 3}
      propertyPath: m_Name
      value: StandartBox_wood (1)
      objectReference: {fileID: 0}
    - target: {fileID: 8095115518428649805, guid: 898fad89cc8e8534683c8355b19a35e5,
        type: 3}
      propertyPath: m_LocalPosition.x
      value: -0.25155884
      objectReference: {fileID: 0}
    - target: {fileID: 8095115518428649805, guid: 898fad89cc8e8534683c8355b19a35e5,
        type: 3}
      propertyPath: m_LocalPosition.y
      value: 5.282449
      objectReference: {fileID: 0}
    - target: {fileID: 8095115518428649805, guid: 898fad89cc8e8534683c8355b19a35e5,
        type: 3}
      propertyPath: m_LocalPosition.z
      value: -11.961195
      objectReference: {fileID: 0}
    - target: {fileID: 8095115518428649805, guid: 898fad89cc8e8534683c8355b19a35e5,
        type: 3}
      propertyPath: m_LocalRotation.x
      value: -0
      objectReference: {fileID: 0}
    - target: {fileID: 8095115518428649805, guid: 898fad89cc8e8534683c8355b19a35e5,
        type: 3}
      propertyPath: m_LocalRotation.y
      value: -0
      objectReference: {fileID: 0}
    - target: {fileID: 8095115518428649805, guid: 898fad89cc8e8534683c8355b19a35e5,
        type: 3}
      propertyPath: m_LocalRotation.z
      value: -0
      objectReference: {fileID: 0}
    - target: {fileID: 8095115518428649805, guid: 898fad89cc8e8534683c8355b19a35e5,
        type: 3}
      propertyPath: m_LocalRotation.w
      value: 1
      objectReference: {fileID: 0}
    - target: {fileID: 8095115518428649805, guid: 898fad89cc8e8534683c8355b19a35e5,
        type: 3}
      propertyPath: m_RootOrder
      value: 7
      objectReference: {fileID: 0}
    - target: {fileID: 8095115518428649805, guid: 898fad89cc8e8534683c8355b19a35e5,
        type: 3}
      propertyPath: m_LocalEulerAnglesHint.x
      value: 0
      objectReference: {fileID: 0}
    - target: {fileID: 8095115518428649805, guid: 898fad89cc8e8534683c8355b19a35e5,
        type: 3}
      propertyPath: m_LocalEulerAnglesHint.y
      value: 0
      objectReference: {fileID: 0}
    - target: {fileID: 8095115518428649805, guid: 898fad89cc8e8534683c8355b19a35e5,
        type: 3}
      propertyPath: m_LocalEulerAnglesHint.z
      value: 0
      objectReference: {fileID: 0}
    m_RemovedComponents: []
  m_SourcePrefab: {fileID: 100100000, guid: 898fad89cc8e8534683c8355b19a35e5, type: 3}
--- !u!4 &5559105151991348535 stripped
Transform:
  m_CorrespondingSourceObject: {fileID: 8095115518428649805, guid: 898fad89cc8e8534683c8355b19a35e5,
    type: 3}
  m_PrefabInstance: {fileID: 4427680558005216378}
  m_PrefabAsset: {fileID: 0}
--- !u!1001 &5197402591980757862
PrefabInstance:
  m_ObjectHideFlags: 0
  serializedVersion: 2
  m_Modification:
    m_TransformParent: {fileID: 7649280086402694984}
    m_Modifications:
    - target: {fileID: 8095115518428649798, guid: 898fad89cc8e8534683c8355b19a35e5,
        type: 3}
      propertyPath: m_Name
      value: StandartBox_wood (2)
      objectReference: {fileID: 0}
    - target: {fileID: 8095115518428649805, guid: 898fad89cc8e8534683c8355b19a35e5,
        type: 3}
      propertyPath: m_LocalPosition.x
      value: 1.7484396
      objectReference: {fileID: 0}
    - target: {fileID: 8095115518428649805, guid: 898fad89cc8e8534683c8355b19a35e5,
        type: 3}
      propertyPath: m_LocalPosition.y
      value: 5.282449
      objectReference: {fileID: 0}
    - target: {fileID: 8095115518428649805, guid: 898fad89cc8e8534683c8355b19a35e5,
        type: 3}
      propertyPath: m_LocalPosition.z
      value: -11.9614105
      objectReference: {fileID: 0}
    - target: {fileID: 8095115518428649805, guid: 898fad89cc8e8534683c8355b19a35e5,
        type: 3}
      propertyPath: m_LocalRotation.x
      value: -0
      objectReference: {fileID: 0}
    - target: {fileID: 8095115518428649805, guid: 898fad89cc8e8534683c8355b19a35e5,
        type: 3}
      propertyPath: m_LocalRotation.y
      value: -0
      objectReference: {fileID: 0}
    - target: {fileID: 8095115518428649805, guid: 898fad89cc8e8534683c8355b19a35e5,
        type: 3}
      propertyPath: m_LocalRotation.z
      value: -0
      objectReference: {fileID: 0}
    - target: {fileID: 8095115518428649805, guid: 898fad89cc8e8534683c8355b19a35e5,
        type: 3}
      propertyPath: m_LocalRotation.w
      value: 1
      objectReference: {fileID: 0}
    - target: {fileID: 8095115518428649805, guid: 898fad89cc8e8534683c8355b19a35e5,
        type: 3}
      propertyPath: m_RootOrder
      value: 6
      objectReference: {fileID: 0}
    - target: {fileID: 8095115518428649805, guid: 898fad89cc8e8534683c8355b19a35e5,
        type: 3}
      propertyPath: m_LocalEulerAnglesHint.x
      value: 0
      objectReference: {fileID: 0}
    - target: {fileID: 8095115518428649805, guid: 898fad89cc8e8534683c8355b19a35e5,
        type: 3}
      propertyPath: m_LocalEulerAnglesHint.y
      value: 0
      objectReference: {fileID: 0}
    - target: {fileID: 8095115518428649805, guid: 898fad89cc8e8534683c8355b19a35e5,
        type: 3}
      propertyPath: m_LocalEulerAnglesHint.z
      value: 0
      objectReference: {fileID: 0}
    m_RemovedComponents: []
  m_SourcePrefab: {fileID: 100100000, guid: 898fad89cc8e8534683c8355b19a35e5, type: 3}
--- !u!4 &4068794121865935403 stripped
Transform:
  m_CorrespondingSourceObject: {fileID: 8095115518428649805, guid: 898fad89cc8e8534683c8355b19a35e5,
    type: 3}
  m_PrefabInstance: {fileID: 5197402591980757862}
  m_PrefabAsset: {fileID: 0}
--- !u!1001 &6525303069922033067
PrefabInstance:
  m_ObjectHideFlags: 0
  serializedVersion: 2
  m_Modification:
    m_TransformParent: {fileID: 7649280086402694984}
    m_Modifications:
    - target: {fileID: 239599965053548890, guid: 687b316498df75b44b2a1499edea309c,
        type: 3}
      propertyPath: m_Name
      value: BlastCorner
      objectReference: {fileID: 0}
    - target: {fileID: 3821413405967813449, guid: 687b316498df75b44b2a1499edea309c,
        type: 3}
      propertyPath: m_LocalPosition.x
      value: 0.7484395
      objectReference: {fileID: 0}
    - target: {fileID: 3821413405967813449, guid: 687b316498df75b44b2a1499edea309c,
        type: 3}
      propertyPath: m_LocalPosition.y
      value: 9.696448
      objectReference: {fileID: 0}
    - target: {fileID: 3821413405967813449, guid: 687b316498df75b44b2a1499edea309c,
        type: 3}
      propertyPath: m_LocalPosition.z
      value: -10.9614105
      objectReference: {fileID: 0}
    - target: {fileID: 3821413405967813449, guid: 687b316498df75b44b2a1499edea309c,
        type: 3}
      propertyPath: m_LocalRotation.x
      value: -0.6532815
      objectReference: {fileID: 0}
    - target: {fileID: 3821413405967813449, guid: 687b316498df75b44b2a1499edea309c,
        type: 3}
      propertyPath: m_LocalRotation.y
      value: 0.2705981
      objectReference: {fileID: 0}
    - target: {fileID: 3821413405967813449, guid: 687b316498df75b44b2a1499edea309c,
        type: 3}
      propertyPath: m_LocalRotation.z
      value: -0.27059805
      objectReference: {fileID: 0}
    - target: {fileID: 3821413405967813449, guid: 687b316498df75b44b2a1499edea309c,
        type: 3}
      propertyPath: m_LocalRotation.w
      value: 0.6532815
      objectReference: {fileID: 0}
    - target: {fileID: 3821413405967813449, guid: 687b316498df75b44b2a1499edea309c,
        type: 3}
      propertyPath: m_RootOrder
      value: 1
      objectReference: {fileID: 0}
    - target: {fileID: 3821413405967813449, guid: 687b316498df75b44b2a1499edea309c,
        type: 3}
      propertyPath: m_LocalEulerAnglesHint.x
      value: -45
      objectReference: {fileID: 0}
    - target: {fileID: 3821413405967813449, guid: 687b316498df75b44b2a1499edea309c,
        type: 3}
      propertyPath: m_LocalEulerAnglesHint.y
      value: 90.00001
      objectReference: {fileID: 0}
    - target: {fileID: 3821413405967813449, guid: 687b316498df75b44b2a1499edea309c,
        type: 3}
      propertyPath: m_LocalEulerAnglesHint.z
      value: -90.00001
      objectReference: {fileID: 0}
    m_RemovedComponents: []
  m_SourcePrefab: {fileID: 100100000, guid: 687b316498df75b44b2a1499edea309c, type: 3}
--- !u!4 &8036369722827568866 stripped
Transform:
  m_CorrespondingSourceObject: {fileID: 3821413405967813449, guid: 687b316498df75b44b2a1499edea309c,
    type: 3}
  m_PrefabInstance: {fileID: 6525303069922033067}
  m_PrefabAsset: {fileID: 0}
--- !u!1001 &6637274523297887364
PrefabInstance:
  m_ObjectHideFlags: 0
  serializedVersion: 2
  m_Modification:
    m_TransformParent: {fileID: 7649280086402694984}
    m_Modifications:
    - target: {fileID: 8095115518428649798, guid: 898fad89cc8e8534683c8355b19a35e5,
        type: 3}
      propertyPath: m_Name
      value: StandartBox_wood (6)
      objectReference: {fileID: 0}
    - target: {fileID: 8095115518428649805, guid: 898fad89cc8e8534683c8355b19a35e5,
        type: 3}
      propertyPath: m_LocalPosition.x
      value: 1.7484396
      objectReference: {fileID: 0}
    - target: {fileID: 8095115518428649805, guid: 898fad89cc8e8534683c8355b19a35e5,
        type: 3}
      propertyPath: m_LocalPosition.y
      value: 7.282449
      objectReference: {fileID: 0}
    - target: {fileID: 8095115518428649805, guid: 898fad89cc8e8534683c8355b19a35e5,
        type: 3}
      propertyPath: m_LocalPosition.z
      value: -9.9614105
      objectReference: {fileID: 0}
    - target: {fileID: 8095115518428649805, guid: 898fad89cc8e8534683c8355b19a35e5,
        type: 3}
      propertyPath: m_LocalRotation.x
      value: -0
      objectReference: {fileID: 0}
    - target: {fileID: 8095115518428649805, guid: 898fad89cc8e8534683c8355b19a35e5,
        type: 3}
      propertyPath: m_LocalRotation.y
      value: -0
      objectReference: {fileID: 0}
    - target: {fileID: 8095115518428649805, guid: 898fad89cc8e8534683c8355b19a35e5,
        type: 3}
      propertyPath: m_LocalRotation.z
      value: -0
      objectReference: {fileID: 0}
    - target: {fileID: 8095115518428649805, guid: 898fad89cc8e8534683c8355b19a35e5,
        type: 3}
      propertyPath: m_LocalRotation.w
      value: 1
      objectReference: {fileID: 0}
    - target: {fileID: 8095115518428649805, guid: 898fad89cc8e8534683c8355b19a35e5,
        type: 3}
      propertyPath: m_RootOrder
      value: 11
      objectReference: {fileID: 0}
    - target: {fileID: 8095115518428649805, guid: 898fad89cc8e8534683c8355b19a35e5,
        type: 3}
      propertyPath: m_LocalEulerAnglesHint.x
      value: 0
      objectReference: {fileID: 0}
    - target: {fileID: 8095115518428649805, guid: 898fad89cc8e8534683c8355b19a35e5,
        type: 3}
      propertyPath: m_LocalEulerAnglesHint.y
      value: 0
      objectReference: {fileID: 0}
    - target: {fileID: 8095115518428649805, guid: 898fad89cc8e8534683c8355b19a35e5,
        type: 3}
      propertyPath: m_LocalEulerAnglesHint.z
      value: 0
      objectReference: {fileID: 0}
    m_RemovedComponents: []
  m_SourcePrefab: {fileID: 100100000, guid: 898fad89cc8e8534683c8355b19a35e5, type: 3}
--- !u!4 &3191915995729669577 stripped
Transform:
  m_CorrespondingSourceObject: {fileID: 8095115518428649805, guid: 898fad89cc8e8534683c8355b19a35e5,
    type: 3}
  m_PrefabInstance: {fileID: 6637274523297887364}
  m_PrefabAsset: {fileID: 0}
--- !u!1001 &8314894657146348843
PrefabInstance:
  m_ObjectHideFlags: 0
  serializedVersion: 2
  m_Modification:
    m_TransformParent: {fileID: 7649280086402694984}
    m_Modifications:
    - target: {fileID: 8095115518428649798, guid: 898fad89cc8e8534683c8355b19a35e5,
        type: 3}
      propertyPath: m_Name
      value: StandartBox_wood (5)
      objectReference: {fileID: 0}
    - target: {fileID: 8095115518428649805, guid: 898fad89cc8e8534683c8355b19a35e5,
        type: 3}
      propertyPath: m_LocalPosition.x
      value: -0.2515605
      objectReference: {fileID: 0}
    - target: {fileID: 8095115518428649805, guid: 898fad89cc8e8534683c8355b19a35e5,
        type: 3}
      propertyPath: m_LocalPosition.y
      value: 7.282449
      objectReference: {fileID: 0}
    - target: {fileID: 8095115518428649805, guid: 898fad89cc8e8534683c8355b19a35e5,
        type: 3}
      propertyPath: m_LocalPosition.z
      value: -9.9614105
      objectReference: {fileID: 0}
    - target: {fileID: 8095115518428649805, guid: 898fad89cc8e8534683c8355b19a35e5,
        type: 3}
      propertyPath: m_LocalRotation.x
      value: -0
      objectReference: {fileID: 0}
    - target: {fileID: 8095115518428649805, guid: 898fad89cc8e8534683c8355b19a35e5,
        type: 3}
      propertyPath: m_LocalRotation.y
      value: -0
      objectReference: {fileID: 0}
    - target: {fileID: 8095115518428649805, guid: 898fad89cc8e8534683c8355b19a35e5,
        type: 3}
      propertyPath: m_LocalRotation.z
      value: -0
      objectReference: {fileID: 0}
    - target: {fileID: 8095115518428649805, guid: 898fad89cc8e8534683c8355b19a35e5,
        type: 3}
      propertyPath: m_LocalRotation.w
      value: 1
      objectReference: {fileID: 0}
    - target: {fileID: 8095115518428649805, guid: 898fad89cc8e8534683c8355b19a35e5,
        type: 3}
      propertyPath: m_RootOrder
      value: 12
      objectReference: {fileID: 0}
    - target: {fileID: 8095115518428649805, guid: 898fad89cc8e8534683c8355b19a35e5,
        type: 3}
      propertyPath: m_LocalEulerAnglesHint.x
      value: 0
      objectReference: {fileID: 0}
    - target: {fileID: 8095115518428649805, guid: 898fad89cc8e8534683c8355b19a35e5,
        type: 3}
      propertyPath: m_LocalEulerAnglesHint.y
      value: 0
      objectReference: {fileID: 0}
    - target: {fileID: 8095115518428649805, guid: 898fad89cc8e8534683c8355b19a35e5,
        type: 3}
      propertyPath: m_LocalEulerAnglesHint.z
      value: 0
      objectReference: {fileID: 0}
    m_RemovedComponents: []
  m_SourcePrefab: {fileID: 100100000, guid: 898fad89cc8e8534683c8355b19a35e5, type: 3}
--- !u!4 &230756766280940646 stripped
Transform:
  m_CorrespondingSourceObject: {fileID: 8095115518428649805, guid: 898fad89cc8e8534683c8355b19a35e5,
    type: 3}
  m_PrefabInstance: {fileID: 8314894657146348843}
  m_PrefabAsset: {fileID: 0}
--- !u!1001 &8769283282318947052
PrefabInstance:
  m_ObjectHideFlags: 0
  serializedVersion: 2
  m_Modification:
    m_TransformParent: {fileID: 7649280086402694984}
    m_Modifications:
    - target: {fileID: 2490520943095593304, guid: 94a6529517336a640acadf83feed8277,
        type: 3}
      propertyPath: m_Name
      value: Platform 4x4
      objectReference: {fileID: 0}
    - target: {fileID: 5075708703522729996, guid: 94a6529517336a640acadf83feed8277,
        type: 3}
      propertyPath: m_LocalPosition.x
      value: 0.74844
      objectReference: {fileID: 0}
    - target: {fileID: 5075708703522729996, guid: 94a6529517336a640acadf83feed8277,
        type: 3}
      propertyPath: m_LocalPosition.y
      value: 3.7824485
      objectReference: {fileID: 0}
    - target: {fileID: 5075708703522729996, guid: 94a6529517336a640acadf83feed8277,
        type: 3}
      propertyPath: m_LocalPosition.z
      value: -9.9612
      objectReference: {fileID: 0}
    - target: {fileID: 5075708703522729996, guid: 94a6529517336a640acadf83feed8277,
        type: 3}
      propertyPath: m_LocalRotation.x
      value: -0
      objectReference: {fileID: 0}
    - target: {fileID: 5075708703522729996, guid: 94a6529517336a640acadf83feed8277,
        type: 3}
      propertyPath: m_LocalRotation.y
      value: -0
      objectReference: {fileID: 0}
    - target: {fileID: 5075708703522729996, guid: 94a6529517336a640acadf83feed8277,
        type: 3}
      propertyPath: m_LocalRotation.z
      value: -0
      objectReference: {fileID: 0}
    - target: {fileID: 5075708703522729996, guid: 94a6529517336a640acadf83feed8277,
        type: 3}
      propertyPath: m_LocalRotation.w
      value: 1
      objectReference: {fileID: 0}
    - target: {fileID: 5075708703522729996, guid: 94a6529517336a640acadf83feed8277,
        type: 3}
      propertyPath: m_RootOrder
      value: 8
      objectReference: {fileID: 0}
    - target: {fileID: 5075708703522729996, guid: 94a6529517336a640acadf83feed8277,
        type: 3}
      propertyPath: m_LocalEulerAnglesHint.x
      value: 0
      objectReference: {fileID: 0}
    - target: {fileID: 5075708703522729996, guid: 94a6529517336a640acadf83feed8277,
        type: 3}
      propertyPath: m_LocalEulerAnglesHint.y
      value: 0
      objectReference: {fileID: 0}
    - target: {fileID: 5075708703522729996, guid: 94a6529517336a640acadf83feed8277,
        type: 3}
      propertyPath: m_LocalEulerAnglesHint.z
      value: 0
      objectReference: {fileID: 0}
    - target: {fileID: 5075708703522729996, guid: 94a6529517336a640acadf83feed8277,
        type: 3}
      propertyPath: m_LocalScale.x
      value: 4
      objectReference: {fileID: 0}
    - target: {fileID: 5075708703522729996, guid: 94a6529517336a640acadf83feed8277,
        type: 3}
      propertyPath: m_LocalScale.z
      value: 4
      objectReference: {fileID: 0}
    - target: {fileID: 5075708703522729996, guid: 94a6529517336a640acadf83feed8277,
        type: 3}
      propertyPath: m_LocalScale.y
      value: 1
      objectReference: {fileID: 0}
    m_RemovedComponents: []
  m_SourcePrefab: {fileID: 100100000, guid: 94a6529517336a640acadf83feed8277, type: 3}
--- !u!4 &4594316498279908064 stripped
Transform:
  m_CorrespondingSourceObject: {fileID: 5075708703522729996, guid: 94a6529517336a640acadf83feed8277,
    type: 3}
  m_PrefabInstance: {fileID: 8769283282318947052}
  m_PrefabAsset: {fileID: 0}
