%YAML 1.1
%TAG !u! tag:unity3d.com,2011:
--- !u!1 &2847649545515699193
GameObject:
  m_ObjectHideFlags: 0
  m_CorrespondingSourceObject: {fileID: 0}
  m_PrefabInstance: {fileID: 0}
  m_PrefabAsset: {fileID: 0}
  serializedVersion: 6
  m_Component:
  - component: {fileID: 4833016166050143441}
  - component: {fileID: 3556985175116703482}
  m_Layer: 0
  m_Name: Level_14
  m_TagString: Untagged
  m_Icon: {fileID: 0}
  m_NavMeshLayer: 0
  m_StaticEditorFlags: 0
  m_IsActive: 1
--- !u!4 &4833016166050143441
Transform:
  m_ObjectHideFlags: 0
  m_CorrespondingSourceObject: {fileID: 0}
  m_PrefabInstance: {fileID: 0}
  m_PrefabAsset: {fileID: 0}
  m_GameObject: {fileID: 2847649545515699193}
  m_LocalRotation: {x: 0, y: 0, z: 0, w: 1}
  m_LocalPosition: {x: -0.8862695, y: 2.2175515, z: 30.15241}
  m_LocalScale: {x: 1, y: 1, z: 1}
  m_Children:
  - {fileID: 7977289812744842988}
  - {fileID: 2223237881737667194}
  - {fileID: 6923818076636688428}
  - {fileID: 4542583568398704206}
  - {fileID: 6948284000338704474}
  - {fileID: 6689475164505202197}
  - {fileID: 7936674555583944212}
  - {fileID: 6764069859854375225}
  - {fileID: 3901172365075555433}
  - {fileID: 4754600136375587714}
  - {fileID: 2070892392080494317}
  - {fileID: 3226804803161210577}
  - {fileID: 1372885357166894472}
  - {fileID: 7685171028988507185}
  - {fileID: 1894020377547711156}
  - {fileID: 7794185756966601977}
  - {fileID: 8520950958652284649}
  - {fileID: 2306103429983471995}
  - {fileID: 4344687005783869553}
  - {fileID: 700507067116911805}
  - {fileID: 1377123195066202810}
  - {fileID: 1137500330560113793}
  - {fileID: 5714967760641450120}
  - {fileID: 5410413635961572985}
  - {fileID: 6901911142281598619}
  m_Father: {fileID: 0}
  m_RootOrder: 0
  m_LocalEulerAnglesHint: {x: 0, y: 0, z: 0}
--- !u!114 &3556985175116703482
MonoBehaviour:
  m_ObjectHideFlags: 0
  m_CorrespondingSourceObject: {fileID: 0}
  m_PrefabInstance: {fileID: 0}
  m_PrefabAsset: {fileID: 0}
  m_GameObject: {fileID: 2847649545515699193}
  m_Enabled: 1
  m_EditorHideFlags: 0
  m_Script: {fileID: 11500000, guid: d512e0047caef1c4f9a7379a9e50d379, type: 3}
  m_Name: 
  m_EditorClassIdentifier: 
  prefab: {fileID: 0}
  boxDatas: []
  BulletsToLevel: 10
  BoxCount: 0
--- !u!1001 &439065146414811044
PrefabInstance:
  m_ObjectHideFlags: 0
  serializedVersion: 2
  m_Modification:
    m_TransformParent: {fileID: 4833016166050143441}
    m_Modifications:
    - target: {fileID: 8095115518428649798, guid: 898fad89cc8e8534683c8355b19a35e5,
        type: 3}
      propertyPath: m_Name
      value: StandartBox_wood (13)
      objectReference: {fileID: 0}
    - target: {fileID: 8095115518428649805, guid: 898fad89cc8e8534683c8355b19a35e5,
        type: 3}
      propertyPath: m_LocalPosition.x
      value: -0.8304756
      objectReference: {fileID: 0}
    - target: {fileID: 8095115518428649805, guid: 898fad89cc8e8534683c8355b19a35e5,
        type: 3}
      propertyPath: m_LocalPosition.y
      value: 5.4724483
      objectReference: {fileID: 0}
    - target: {fileID: 8095115518428649805, guid: 898fad89cc8e8534683c8355b19a35e5,
        type: 3}
      propertyPath: m_LocalPosition.z
      value: -8.133482
      objectReference: {fileID: 0}
    - target: {fileID: 8095115518428649805, guid: 898fad89cc8e8534683c8355b19a35e5,
        type: 3}
      propertyPath: m_LocalRotation.x
      value: -0
      objectReference: {fileID: 0}
    - target: {fileID: 8095115518428649805, guid: 898fad89cc8e8534683c8355b19a35e5,
        type: 3}
      propertyPath: m_LocalRotation.y
      value: 0.23785518
      objectReference: {fileID: 0}
    - target: {fileID: 8095115518428649805, guid: 898fad89cc8e8534683c8355b19a35e5,
        type: 3}
      propertyPath: m_LocalRotation.z
      value: -0
      objectReference: {fileID: 0}
    - target: {fileID: 8095115518428649805, guid: 898fad89cc8e8534683c8355b19a35e5,
        type: 3}
      propertyPath: m_LocalRotation.w
      value: 0.97130066
      objectReference: {fileID: 0}
    - target: {fileID: 8095115518428649805, guid: 898fad89cc8e8534683c8355b19a35e5,
        type: 3}
      propertyPath: m_RootOrder
      value: 16
      objectReference: {fileID: 0}
    - target: {fileID: 8095115518428649805, guid: 898fad89cc8e8534683c8355b19a35e5,
        type: 3}
      propertyPath: m_LocalEulerAnglesHint.x
      value: 0
      objectReference: {fileID: 0}
    - target: {fileID: 8095115518428649805, guid: 898fad89cc8e8534683c8355b19a35e5,
        type: 3}
      propertyPath: m_LocalEulerAnglesHint.y
      value: 27.52
      objectReference: {fileID: 0}
    - target: {fileID: 8095115518428649805, guid: 898fad89cc8e8534683c8355b19a35e5,
        type: 3}
      propertyPath: m_LocalEulerAnglesHint.z
      value: 0
      objectReference: {fileID: 0}
    m_RemovedComponents: []
  m_SourcePrefab: {fileID: 100100000, guid: 898fad89cc8e8534683c8355b19a35e5, type: 3}
--- !u!4 &8520950958652284649 stripped
Transform:
  m_CorrespondingSourceObject: {fileID: 8095115518428649805, guid: 898fad89cc8e8534683c8355b19a35e5,
    type: 3}
  m_PrefabInstance: {fileID: 439065146414811044}
  m_PrefabAsset: {fileID: 0}
--- !u!1001 &1169497538114806039
PrefabInstance:
  m_ObjectHideFlags: 0
  serializedVersion: 2
  m_Modification:
    m_TransformParent: {fileID: 4833016166050143441}
    m_Modifications:
    - target: {fileID: 8095115518428649798, guid: 898fad89cc8e8534683c8355b19a35e5,
        type: 3}
      propertyPath: m_Name
      value: StandartBox_wood (3)
      objectReference: {fileID: 0}
    - target: {fileID: 8095115518428649805, guid: 898fad89cc8e8534683c8355b19a35e5,
        type: 3}
      propertyPath: m_LocalPosition.x
      value: -2.6787245
      objectReference: {fileID: 0}
    - target: {fileID: 8095115518428649805, guid: 898fad89cc8e8534683c8355b19a35e5,
        type: 3}
      propertyPath: m_LocalPosition.y
      value: 5.4724483
      objectReference: {fileID: 0}
    - target: {fileID: 8095115518428649805, guid: 898fad89cc8e8534683c8355b19a35e5,
        type: 3}
      propertyPath: m_LocalPosition.z
      value: -11.680899
      objectReference: {fileID: 0}
    - target: {fileID: 8095115518428649805, guid: 898fad89cc8e8534683c8355b19a35e5,
        type: 3}
      propertyPath: m_LocalRotation.x
      value: -0
      objectReference: {fileID: 0}
    - target: {fileID: 8095115518428649805, guid: 898fad89cc8e8534683c8355b19a35e5,
        type: 3}
      propertyPath: m_LocalRotation.y
      value: 0.23785518
      objectReference: {fileID: 0}
    - target: {fileID: 8095115518428649805, guid: 898fad89cc8e8534683c8355b19a35e5,
        type: 3}
      propertyPath: m_LocalRotation.z
      value: -0
      objectReference: {fileID: 0}
    - target: {fileID: 8095115518428649805, guid: 898fad89cc8e8534683c8355b19a35e5,
        type: 3}
      propertyPath: m_LocalRotation.w
      value: 0.97130066
      objectReference: {fileID: 0}
    - target: {fileID: 8095115518428649805, guid: 898fad89cc8e8534683c8355b19a35e5,
        type: 3}
      propertyPath: m_RootOrder
      value: 4
      objectReference: {fileID: 0}
    - target: {fileID: 8095115518428649805, guid: 898fad89cc8e8534683c8355b19a35e5,
        type: 3}
      propertyPath: m_LocalEulerAnglesHint.x
      value: 0
      objectReference: {fileID: 0}
    - target: {fileID: 8095115518428649805, guid: 898fad89cc8e8534683c8355b19a35e5,
        type: 3}
      propertyPath: m_LocalEulerAnglesHint.y
      value: 27.52
      objectReference: {fileID: 0}
    - target: {fileID: 8095115518428649805, guid: 898fad89cc8e8534683c8355b19a35e5,
        type: 3}
      propertyPath: m_LocalEulerAnglesHint.z
      value: 0
      objectReference: {fileID: 0}
    m_RemovedComponents: []
  m_SourcePrefab: {fileID: 100100000, guid: 898fad89cc8e8534683c8355b19a35e5, type: 3}
--- !u!4 &6948284000338704474 stripped
Transform:
  m_CorrespondingSourceObject: {fileID: 8095115518428649805, guid: 898fad89cc8e8534683c8355b19a35e5,
    type: 3}
  m_PrefabInstance: {fileID: 1169497538114806039}
  m_PrefabAsset: {fileID: 0}
--- !u!1001 &1171489471937030497
PrefabInstance:
  m_ObjectHideFlags: 0
  serializedVersion: 2
  m_Modification:
    m_TransformParent: {fileID: 4833016166050143441}
    m_Modifications:
    - target: {fileID: 8095115518428649798, guid: 898fad89cc8e8534683c8355b19a35e5,
        type: 3}
      propertyPath: m_Name
      value: StandartBox_wood (6)
      objectReference: {fileID: 0}
    - target: {fileID: 8095115518428649805, guid: 898fad89cc8e8534683c8355b19a35e5,
        type: 3}
      propertyPath: m_LocalPosition.x
      value: 0.86870426
      objectReference: {fileID: 0}
    - target: {fileID: 8095115518428649805, guid: 898fad89cc8e8534683c8355b19a35e5,
        type: 3}
      propertyPath: m_LocalPosition.y
      value: 3.4724486
      objectReference: {fileID: 0}
    - target: {fileID: 8095115518428649805, guid: 898fad89cc8e8534683c8355b19a35e5,
        type: 3}
      propertyPath: m_LocalPosition.z
      value: -13.529089
      objectReference: {fileID: 0}
    - target: {fileID: 8095115518428649805, guid: 898fad89cc8e8534683c8355b19a35e5,
        type: 3}
      propertyPath: m_LocalRotation.x
      value: -0
      objectReference: {fileID: 0}
    - target: {fileID: 8095115518428649805, guid: 898fad89cc8e8534683c8355b19a35e5,
        type: 3}
      propertyPath: m_LocalRotation.y
      value: 0.23785518
      objectReference: {fileID: 0}
    - target: {fileID: 8095115518428649805, guid: 898fad89cc8e8534683c8355b19a35e5,
        type: 3}
      propertyPath: m_LocalRotation.z
      value: -0
      objectReference: {fileID: 0}
    - target: {fileID: 8095115518428649805, guid: 898fad89cc8e8534683c8355b19a35e5,
        type: 3}
      propertyPath: m_LocalRotation.w
      value: 0.97130066
      objectReference: {fileID: 0}
    - target: {fileID: 8095115518428649805, guid: 898fad89cc8e8534683c8355b19a35e5,
        type: 3}
      propertyPath: m_RootOrder
      value: 2
      objectReference: {fileID: 0}
    - target: {fileID: 8095115518428649805, guid: 898fad89cc8e8534683c8355b19a35e5,
        type: 3}
      propertyPath: m_LocalEulerAnglesHint.x
      value: 0
      objectReference: {fileID: 0}
    - target: {fileID: 8095115518428649805, guid: 898fad89cc8e8534683c8355b19a35e5,
        type: 3}
      propertyPath: m_LocalEulerAnglesHint.y
      value: 27.52
      objectReference: {fileID: 0}
    - target: {fileID: 8095115518428649805, guid: 898fad89cc8e8534683c8355b19a35e5,
        type: 3}
      propertyPath: m_LocalEulerAnglesHint.z
      value: 0
      objectReference: {fileID: 0}
    m_RemovedComponents: []
  m_SourcePrefab: {fileID: 100100000, guid: 898fad89cc8e8534683c8355b19a35e5, type: 3}
--- !u!4 &6923818076636688428 stripped
Transform:
  m_CorrespondingSourceObject: {fileID: 8095115518428649805, guid: 898fad89cc8e8534683c8355b19a35e5,
    type: 3}
  m_PrefabInstance: {fileID: 1171489471937030497}
  m_PrefabAsset: {fileID: 0}
--- !u!1001 &1941217439333920124
PrefabInstance:
  m_ObjectHideFlags: 0
  serializedVersion: 2
  m_Modification:
    m_TransformParent: {fileID: 4833016166050143441}
    m_Modifications:
    - target: {fileID: 8095115518428649798, guid: 667a19d4ecfec394281bac15e25246d2,
        type: 3}
      propertyPath: m_Name
      value: BlastBox (2)
      objectReference: {fileID: 0}
    - target: {fileID: 8095115518428649805, guid: 667a19d4ecfec394281bac15e25246d2,
        type: 3}
      propertyPath: m_LocalPosition.x
      value: 0.94322866
      objectReference: {fileID: 0}
    - target: {fileID: 8095115518428649805, guid: 667a19d4ecfec394281bac15e25246d2,
        type: 3}
      propertyPath: m_LocalPosition.y
      value: 5.4724483
      objectReference: {fileID: 0}
    - target: {fileID: 8095115518428649805, guid: 667a19d4ecfec394281bac15e25246d2,
        type: 3}
      propertyPath: m_LocalPosition.z
      value: -9.057592
      objectReference: {fileID: 0}
    - target: {fileID: 8095115518428649805, guid: 667a19d4ecfec394281bac15e25246d2,
        type: 3}
      propertyPath: m_LocalRotation.x
      value: -0
      objectReference: {fileID: 0}
    - target: {fileID: 8095115518428649805, guid: 667a19d4ecfec394281bac15e25246d2,
        type: 3}
      propertyPath: m_LocalRotation.y
      value: 0.23785518
      objectReference: {fileID: 0}
    - target: {fileID: 8095115518428649805, guid: 667a19d4ecfec394281bac15e25246d2,
        type: 3}
      propertyPath: m_LocalRotation.z
      value: -0
      objectReference: {fileID: 0}
    - target: {fileID: 8095115518428649805, guid: 667a19d4ecfec394281bac15e25246d2,
        type: 3}
      propertyPath: m_LocalRotation.w
      value: 0.97130066
      objectReference: {fileID: 0}
    - target: {fileID: 8095115518428649805, guid: 667a19d4ecfec394281bac15e25246d2,
        type: 3}
      propertyPath: m_RootOrder
      value: 13
      objectReference: {fileID: 0}
    - target: {fileID: 8095115518428649805, guid: 667a19d4ecfec394281bac15e25246d2,
        type: 3}
      propertyPath: m_LocalEulerAnglesHint.x
      value: 0
      objectReference: {fileID: 0}
    - target: {fileID: 8095115518428649805, guid: 667a19d4ecfec394281bac15e25246d2,
        type: 3}
      propertyPath: m_LocalEulerAnglesHint.y
      value: 27.52
      objectReference: {fileID: 0}
    - target: {fileID: 8095115518428649805, guid: 667a19d4ecfec394281bac15e25246d2,
        type: 3}
      propertyPath: m_LocalEulerAnglesHint.z
      value: 0
      objectReference: {fileID: 0}
    m_RemovedComponents: []
  m_SourcePrefab: {fileID: 100100000, guid: 667a19d4ecfec394281bac15e25246d2, type: 3}
--- !u!4 &7685171028988507185 stripped
Transform:
  m_CorrespondingSourceObject: {fileID: 8095115518428649805, guid: 667a19d4ecfec394281bac15e25246d2,
    type: 3}
  m_PrefabInstance: {fileID: 1941217439333920124}
  m_PrefabAsset: {fileID: 0}
--- !u!1001 &1994610434277075253
PrefabInstance:
  m_ObjectHideFlags: 0
  serializedVersion: 2
  m_Modification:
    m_TransformParent: {fileID: 4833016166050143441}
    m_Modifications:
    - target: {fileID: 2490520943095593304, guid: 94a6529517336a640acadf83feed8277,
        type: 3}
      propertyPath: m_Name
      value: Platform 4x4
      objectReference: {fileID: 0}
    - target: {fileID: 5075708703522729996, guid: 94a6529517336a640acadf83feed8277,
        type: 3}
      propertyPath: m_LocalPosition.x
      value: 1.8300774
      objectReference: {fileID: 0}
    - target: {fileID: 5075708703522729996, guid: 94a6529517336a640acadf83feed8277,
        type: 3}
      propertyPath: m_LocalPosition.y
      value: 1.9724486
      objectReference: {fileID: 0}
    - target: {fileID: 5075708703522729996, guid: 94a6529517336a640acadf83feed8277,
        type: 3}
      propertyPath: m_LocalPosition.z
      value: -9.51964
      objectReference: {fileID: 0}
    - target: {fileID: 5075708703522729996, guid: 94a6529517336a640acadf83feed8277,
        type: 3}
      propertyPath: m_LocalRotation.x
      value: -0
      objectReference: {fileID: 0}
    - target: {fileID: 5075708703522729996, guid: 94a6529517336a640acadf83feed8277,
        type: 3}
      propertyPath: m_LocalRotation.y
      value: 0.23785518
      objectReference: {fileID: 0}
    - target: {fileID: 5075708703522729996, guid: 94a6529517336a640acadf83feed8277,
        type: 3}
      propertyPath: m_LocalRotation.z
      value: -0
      objectReference: {fileID: 0}
    - target: {fileID: 5075708703522729996, guid: 94a6529517336a640acadf83feed8277,
        type: 3}
      propertyPath: m_LocalRotation.w
      value: 0.97130066
      objectReference: {fileID: 0}
    - target: {fileID: 5075708703522729996, guid: 94a6529517336a640acadf83feed8277,
        type: 3}
      propertyPath: m_RootOrder
      value: 7
      objectReference: {fileID: 0}
    - target: {fileID: 5075708703522729996, guid: 94a6529517336a640acadf83feed8277,
        type: 3}
      propertyPath: m_LocalEulerAnglesHint.x
      value: 0
      objectReference: {fileID: 0}
    - target: {fileID: 5075708703522729996, guid: 94a6529517336a640acadf83feed8277,
        type: 3}
      propertyPath: m_LocalEulerAnglesHint.y
      value: 27.52
      objectReference: {fileID: 0}
    - target: {fileID: 5075708703522729996, guid: 94a6529517336a640acadf83feed8277,
        type: 3}
      propertyPath: m_LocalEulerAnglesHint.z
      value: 0
      objectReference: {fileID: 0}
    m_RemovedComponents: []
  m_SourcePrefab: {fileID: 100100000, guid: 94a6529517336a640acadf83feed8277, type: 3}
--- !u!4 &6764069859854375225 stripped
Transform:
  m_CorrespondingSourceObject: {fileID: 5075708703522729996, guid: 94a6529517336a640acadf83feed8277,
    type: 3}
  m_PrefabInstance: {fileID: 1994610434277075253}
  m_PrefabAsset: {fileID: 0}
--- !u!1001 &2052834431878978996
PrefabInstance:
  m_ObjectHideFlags: 0
  serializedVersion: 2
  m_Modification:
    m_TransformParent: {fileID: 4833016166050143441}
    m_Modifications:
    - target: {fileID: 8095115518428649798, guid: 898fad89cc8e8534683c8355b19a35e5,
        type: 3}
      propertyPath: m_Name
      value: StandartBox_wood (14)
      objectReference: {fileID: 0}
    - target: {fileID: 8095115518428649805, guid: 898fad89cc8e8534683c8355b19a35e5,
        type: 3}
      propertyPath: m_LocalPosition.x
      value: -0.8304756
      objectReference: {fileID: 0}
    - target: {fileID: 8095115518428649805, guid: 898fad89cc8e8534683c8355b19a35e5,
        type: 3}
      propertyPath: m_LocalPosition.y
      value: 7.4724493
      objectReference: {fileID: 0}
    - target: {fileID: 8095115518428649805, guid: 898fad89cc8e8534683c8355b19a35e5,
        type: 3}
      propertyPath: m_LocalPosition.z
      value: -8.133482
      objectReference: {fileID: 0}
    - target: {fileID: 8095115518428649805, guid: 898fad89cc8e8534683c8355b19a35e5,
        type: 3}
      propertyPath: m_LocalRotation.x
      value: -0
      objectReference: {fileID: 0}
    - target: {fileID: 8095115518428649805, guid: 898fad89cc8e8534683c8355b19a35e5,
        type: 3}
      propertyPath: m_LocalRotation.y
      value: 0.23785518
      objectReference: {fileID: 0}
    - target: {fileID: 8095115518428649805, guid: 898fad89cc8e8534683c8355b19a35e5,
        type: 3}
      propertyPath: m_LocalRotation.z
      value: -0
      objectReference: {fileID: 0}
    - target: {fileID: 8095115518428649805, guid: 898fad89cc8e8534683c8355b19a35e5,
        type: 3}
      propertyPath: m_LocalRotation.w
      value: 0.97130066
      objectReference: {fileID: 0}
    - target: {fileID: 8095115518428649805, guid: 898fad89cc8e8534683c8355b19a35e5,
        type: 3}
      propertyPath: m_RootOrder
      value: 15
      objectReference: {fileID: 0}
    - target: {fileID: 8095115518428649805, guid: 898fad89cc8e8534683c8355b19a35e5,
        type: 3}
      propertyPath: m_LocalEulerAnglesHint.x
      value: 0
      objectReference: {fileID: 0}
    - target: {fileID: 8095115518428649805, guid: 898fad89cc8e8534683c8355b19a35e5,
        type: 3}
      propertyPath: m_LocalEulerAnglesHint.y
      value: 27.52
      objectReference: {fileID: 0}
    - target: {fileID: 8095115518428649805, guid: 898fad89cc8e8534683c8355b19a35e5,
        type: 3}
      propertyPath: m_LocalEulerAnglesHint.z
      value: 0
      objectReference: {fileID: 0}
    m_RemovedComponents: []
  m_SourcePrefab: {fileID: 100100000, guid: 898fad89cc8e8534683c8355b19a35e5, type: 3}
--- !u!4 &7794185756966601977 stripped
Transform:
  m_CorrespondingSourceObject: {fileID: 8095115518428649805, guid: 898fad89cc8e8534683c8355b19a35e5,
    type: 3}
  m_PrefabInstance: {fileID: 2052834431878978996}
  m_PrefabAsset: {fileID: 0}
--- !u!1001 &2194128065045942105
PrefabInstance:
  m_ObjectHideFlags: 0
  serializedVersion: 2
  m_Modification:
    m_TransformParent: {fileID: 4833016166050143441}
    m_Modifications:
    - target: {fileID: 8095115518428649798, guid: 898fad89cc8e8534683c8355b19a35e5,
        type: 3}
      propertyPath: m_Name
      value: StandartBox_wood
      objectReference: {fileID: 0}
    - target: {fileID: 8095115518428649805, guid: 898fad89cc8e8534683c8355b19a35e5,
        type: 3}
      propertyPath: m_LocalPosition.x
      value: -2.6787245
      objectReference: {fileID: 0}
    - target: {fileID: 8095115518428649805, guid: 898fad89cc8e8534683c8355b19a35e5,
        type: 3}
      propertyPath: m_LocalPosition.y
      value: 3.4724486
      objectReference: {fileID: 0}
    - target: {fileID: 8095115518428649805, guid: 898fad89cc8e8534683c8355b19a35e5,
        type: 3}
      propertyPath: m_LocalPosition.z
      value: -11.680899
      objectReference: {fileID: 0}
    - target: {fileID: 8095115518428649805, guid: 898fad89cc8e8534683c8355b19a35e5,
        type: 3}
      propertyPath: m_LocalRotation.x
      value: -0
      objectReference: {fileID: 0}
    - target: {fileID: 8095115518428649805, guid: 898fad89cc8e8534683c8355b19a35e5,
        type: 3}
      propertyPath: m_LocalRotation.y
      value: 0.23785518
      objectReference: {fileID: 0}
    - target: {fileID: 8095115518428649805, guid: 898fad89cc8e8534683c8355b19a35e5,
        type: 3}
      propertyPath: m_LocalRotation.z
      value: -0
      objectReference: {fileID: 0}
    - target: {fileID: 8095115518428649805, guid: 898fad89cc8e8534683c8355b19a35e5,
        type: 3}
      propertyPath: m_LocalRotation.w
      value: 0.97130066
      objectReference: {fileID: 0}
    - target: {fileID: 8095115518428649805, guid: 898fad89cc8e8534683c8355b19a35e5,
        type: 3}
      propertyPath: m_RootOrder
      value: 6
      objectReference: {fileID: 0}
    - target: {fileID: 8095115518428649805, guid: 898fad89cc8e8534683c8355b19a35e5,
        type: 3}
      propertyPath: m_LocalEulerAnglesHint.x
      value: 0
      objectReference: {fileID: 0}
    - target: {fileID: 8095115518428649805, guid: 898fad89cc8e8534683c8355b19a35e5,
        type: 3}
      propertyPath: m_LocalEulerAnglesHint.y
      value: 27.52
      objectReference: {fileID: 0}
    - target: {fileID: 8095115518428649805, guid: 898fad89cc8e8534683c8355b19a35e5,
        type: 3}
      propertyPath: m_LocalEulerAnglesHint.z
      value: 0
      objectReference: {fileID: 0}
    m_RemovedComponents: []
  m_SourcePrefab: {fileID: 100100000, guid: 898fad89cc8e8534683c8355b19a35e5, type: 3}
--- !u!4 &7936674555583944212 stripped
Transform:
  m_CorrespondingSourceObject: {fileID: 8095115518428649805, guid: 898fad89cc8e8534683c8355b19a35e5,
    type: 3}
  m_PrefabInstance: {fileID: 2194128065045942105}
  m_PrefabAsset: {fileID: 0}
--- !u!1001 &2225524222435702689
PrefabInstance:
  m_ObjectHideFlags: 0
  serializedVersion: 2
  m_Modification:
    m_TransformParent: {fileID: 4833016166050143441}
    m_Modifications:
    - target: {fileID: 8095115518428649798, guid: cbe2b7b32f3272e41811d0680a7ef0d3,
        type: 3}
      propertyPath: m_Name
      value: HevyBox
      objectReference: {fileID: 0}
    - target: {fileID: 8095115518428649805, guid: cbe2b7b32f3272e41811d0680a7ef0d3,
        type: 3}
      propertyPath: m_LocalPosition.x
      value: 0.019105256
      objectReference: {fileID: 0}
    - target: {fileID: 8095115518428649805, guid: cbe2b7b32f3272e41811d0680a7ef0d3,
        type: 3}
      propertyPath: m_LocalPosition.y
      value: 5.4724483
      objectReference: {fileID: 0}
    - target: {fileID: 8095115518428649805, guid: cbe2b7b32f3272e41811d0680a7ef0d3,
        type: 3}
      propertyPath: m_LocalPosition.z
      value: -10.831274
      objectReference: {fileID: 0}
    - target: {fileID: 8095115518428649805, guid: cbe2b7b32f3272e41811d0680a7ef0d3,
        type: 3}
      propertyPath: m_LocalRotation.x
      value: -0
      objectReference: {fileID: 0}
    - target: {fileID: 8095115518428649805, guid: cbe2b7b32f3272e41811d0680a7ef0d3,
        type: 3}
      propertyPath: m_LocalRotation.y
      value: 0.23785518
      objectReference: {fileID: 0}
    - target: {fileID: 8095115518428649805, guid: cbe2b7b32f3272e41811d0680a7ef0d3,
        type: 3}
      propertyPath: m_LocalRotation.z
      value: -0
      objectReference: {fileID: 0}
    - target: {fileID: 8095115518428649805, guid: cbe2b7b32f3272e41811d0680a7ef0d3,
        type: 3}
      propertyPath: m_LocalRotation.w
      value: 0.97130066
      objectReference: {fileID: 0}
    - target: {fileID: 8095115518428649805, guid: cbe2b7b32f3272e41811d0680a7ef0d3,
        type: 3}
      propertyPath: m_RootOrder
      value: 0
      objectReference: {fileID: 0}
    - target: {fileID: 8095115518428649805, guid: cbe2b7b32f3272e41811d0680a7ef0d3,
        type: 3}
      propertyPath: m_LocalEulerAnglesHint.x
      value: 0
      objectReference: {fileID: 0}
    - target: {fileID: 8095115518428649805, guid: cbe2b7b32f3272e41811d0680a7ef0d3,
        type: 3}
      propertyPath: m_LocalEulerAnglesHint.y
      value: 27.52
      objectReference: {fileID: 0}
    - target: {fileID: 8095115518428649805, guid: cbe2b7b32f3272e41811d0680a7ef0d3,
        type: 3}
      propertyPath: m_LocalEulerAnglesHint.z
      value: 0
      objectReference: {fileID: 0}
    m_RemovedComponents: []
  m_SourcePrefab: {fileID: 100100000, guid: cbe2b7b32f3272e41811d0680a7ef0d3, type: 3}
--- !u!4 &7977289812744842988 stripped
Transform:
  m_CorrespondingSourceObject: {fileID: 8095115518428649805, guid: cbe2b7b32f3272e41811d0680a7ef0d3,
    type: 3}
  m_PrefabInstance: {fileID: 2225524222435702689}
  m_PrefabAsset: {fileID: 0}
--- !u!1001 &3207243072179029848
PrefabInstance:
  m_ObjectHideFlags: 0
  serializedVersion: 2
  m_Modification:
    m_TransformParent: {fileID: 4833016166050143441}
    m_Modifications:
    - target: {fileID: 8095115518428649798, guid: 898fad89cc8e8534683c8355b19a35e5,
        type: 3}
      propertyPath: m_Name
      value: StandartBox_wood (2)
      objectReference: {fileID: 0}
    - target: {fileID: 8095115518428649805, guid: 898fad89cc8e8534683c8355b19a35e5,
        type: 3}
      propertyPath: m_LocalPosition.x
      value: -0.90499693
      objectReference: {fileID: 0}
    - target: {fileID: 8095115518428649805, guid: 898fad89cc8e8534683c8355b19a35e5,
        type: 3}
      propertyPath: m_LocalPosition.y
      value: 3.4724486
      objectReference: {fileID: 0}
    - target: {fileID: 8095115518428649805, guid: 898fad89cc8e8534683c8355b19a35e5,
        type: 3}
      propertyPath: m_LocalPosition.z
      value: -12.60499
      objectReference: {fileID: 0}
    - target: {fileID: 8095115518428649805, guid: 898fad89cc8e8534683c8355b19a35e5,
        type: 3}
      propertyPath: m_LocalRotation.x
      value: -0
      objectReference: {fileID: 0}
    - target: {fileID: 8095115518428649805, guid: 898fad89cc8e8534683c8355b19a35e5,
        type: 3}
      propertyPath: m_LocalRotation.y
      value: 0.23785518
      objectReference: {fileID: 0}
    - target: {fileID: 8095115518428649805, guid: 898fad89cc8e8534683c8355b19a35e5,
        type: 3}
      propertyPath: m_LocalRotation.z
      value: -0
      objectReference: {fileID: 0}
    - target: {fileID: 8095115518428649805, guid: 898fad89cc8e8534683c8355b19a35e5,
        type: 3}
      propertyPath: m_LocalRotation.w
      value: 0.97130066
      objectReference: {fileID: 0}
    - target: {fileID: 8095115518428649805, guid: 898fad89cc8e8534683c8355b19a35e5,
        type: 3}
      propertyPath: m_RootOrder
      value: 5
      objectReference: {fileID: 0}
    - target: {fileID: 8095115518428649805, guid: 898fad89cc8e8534683c8355b19a35e5,
        type: 3}
      propertyPath: m_LocalEulerAnglesHint.x
      value: 0
      objectReference: {fileID: 0}
    - target: {fileID: 8095115518428649805, guid: 898fad89cc8e8534683c8355b19a35e5,
        type: 3}
      propertyPath: m_LocalEulerAnglesHint.y
      value: 27.52
      objectReference: {fileID: 0}
    - target: {fileID: 8095115518428649805, guid: 898fad89cc8e8534683c8355b19a35e5,
        type: 3}
      propertyPath: m_LocalEulerAnglesHint.z
      value: 0
      objectReference: {fileID: 0}
    m_RemovedComponents: []
  m_SourcePrefab: {fileID: 100100000, guid: 898fad89cc8e8534683c8355b19a35e5, type: 3}
--- !u!4 &6689475164505202197 stripped
Transform:
  m_CorrespondingSourceObject: {fileID: 8095115518428649805, guid: 898fad89cc8e8534683c8355b19a35e5,
    type: 3}
  m_PrefabInstance: {fileID: 3207243072179029848}
  m_PrefabAsset: {fileID: 0}
--- !u!1001 &3431500135122620374
PrefabInstance:
  m_ObjectHideFlags: 0
  serializedVersion: 2
  m_Modification:
    m_TransformParent: {fileID: 4833016166050143441}
    m_Modifications:
    - target: {fileID: 8095115518428649798, guid: 667a19d4ecfec394281bac15e25246d2,
        type: 3}
      propertyPath: m_Name
      value: BlastBox (3)
      objectReference: {fileID: 0}
    - target: {fileID: 8095115518428649805, guid: 667a19d4ecfec394281bac15e25246d2,
        type: 3}
      propertyPath: m_LocalPosition.x
      value: 1.8669083
      objectReference: {fileID: 0}
    - target: {fileID: 8095115518428649805, guid: 667a19d4ecfec394281bac15e25246d2,
        type: 3}
      propertyPath: m_LocalPosition.y
      value: 5.4724483
      objectReference: {fileID: 0}
    - target: {fileID: 8095115518428649805, guid: 667a19d4ecfec394281bac15e25246d2,
        type: 3}
      propertyPath: m_LocalPosition.z
      value: -7.283678
      objectReference: {fileID: 0}
    - target: {fileID: 8095115518428649805, guid: 667a19d4ecfec394281bac15e25246d2,
        type: 3}
      propertyPath: m_LocalRotation.x
      value: -0
      objectReference: {fileID: 0}
    - target: {fileID: 8095115518428649805, guid: 667a19d4ecfec394281bac15e25246d2,
        type: 3}
      propertyPath: m_LocalRotation.y
      value: 0.23785518
      objectReference: {fileID: 0}
    - target: {fileID: 8095115518428649805, guid: 667a19d4ecfec394281bac15e25246d2,
        type: 3}
      propertyPath: m_LocalRotation.z
      value: -0
      objectReference: {fileID: 0}
    - target: {fileID: 8095115518428649805, guid: 667a19d4ecfec394281bac15e25246d2,
        type: 3}
      propertyPath: m_LocalRotation.w
      value: 0.97130066
      objectReference: {fileID: 0}
    - target: {fileID: 8095115518428649805, guid: 667a19d4ecfec394281bac15e25246d2,
        type: 3}
      propertyPath: m_RootOrder
      value: 24
      objectReference: {fileID: 0}
    - target: {fileID: 8095115518428649805, guid: 667a19d4ecfec394281bac15e25246d2,
        type: 3}
      propertyPath: m_LocalEulerAnglesHint.x
      value: 0
      objectReference: {fileID: 0}
    - target: {fileID: 8095115518428649805, guid: 667a19d4ecfec394281bac15e25246d2,
        type: 3}
      propertyPath: m_LocalEulerAnglesHint.y
      value: 27.52
      objectReference: {fileID: 0}
    - target: {fileID: 8095115518428649805, guid: 667a19d4ecfec394281bac15e25246d2,
        type: 3}
      propertyPath: m_LocalEulerAnglesHint.z
      value: 0
      objectReference: {fileID: 0}
    m_RemovedComponents: []
  m_SourcePrefab: {fileID: 100100000, guid: 667a19d4ecfec394281bac15e25246d2, type: 3}
--- !u!4 &6901911142281598619 stripped
Transform:
  m_CorrespondingSourceObject: {fileID: 8095115518428649805, guid: 667a19d4ecfec394281bac15e25246d2,
    type: 3}
  m_PrefabInstance: {fileID: 3431500135122620374}
  m_PrefabAsset: {fileID: 0}
--- !u!1001 &3579265553111567055
PrefabInstance:
  m_ObjectHideFlags: 0
  serializedVersion: 2
  m_Modification:
    m_TransformParent: {fileID: 4833016166050143441}
    m_Modifications:
    - target: {fileID: 8095115518428649798, guid: 898fad89cc8e8534683c8355b19a35e5,
        type: 3}
      propertyPath: m_Name
      value: StandartBox_wood (10)
      objectReference: {fileID: 0}
    - target: {fileID: 8095115518428649805, guid: 898fad89cc8e8534683c8355b19a35e5,
        type: 3}
      propertyPath: m_LocalPosition.x
      value: 0.019105256
      objectReference: {fileID: 0}
    - target: {fileID: 8095115518428649805, guid: 898fad89cc8e8534683c8355b19a35e5,
        type: 3}
      propertyPath: m_LocalPosition.y
      value: 3.4724486
      objectReference: {fileID: 0}
    - target: {fileID: 8095115518428649805, guid: 898fad89cc8e8534683c8355b19a35e5,
        type: 3}
      propertyPath: m_LocalPosition.z
      value: -10.831274
      objectReference: {fileID: 0}
    - target: {fileID: 8095115518428649805, guid: 898fad89cc8e8534683c8355b19a35e5,
        type: 3}
      propertyPath: m_LocalRotation.x
      value: -0
      objectReference: {fileID: 0}
    - target: {fileID: 8095115518428649805, guid: 898fad89cc8e8534683c8355b19a35e5,
        type: 3}
      propertyPath: m_LocalRotation.y
      value: 0.23785518
      objectReference: {fileID: 0}
    - target: {fileID: 8095115518428649805, guid: 898fad89cc8e8534683c8355b19a35e5,
        type: 3}
      propertyPath: m_LocalRotation.z
      value: -0
      objectReference: {fileID: 0}
    - target: {fileID: 8095115518428649805, guid: 898fad89cc8e8534683c8355b19a35e5,
        type: 3}
      propertyPath: m_LocalRotation.w
      value: 0.97130066
      objectReference: {fileID: 0}
    - target: {fileID: 8095115518428649805, guid: 898fad89cc8e8534683c8355b19a35e5,
        type: 3}
      propertyPath: m_RootOrder
      value: 9
      objectReference: {fileID: 0}
    - target: {fileID: 8095115518428649805, guid: 898fad89cc8e8534683c8355b19a35e5,
        type: 3}
      propertyPath: m_LocalEulerAnglesHint.x
      value: 0
      objectReference: {fileID: 0}
    - target: {fileID: 8095115518428649805, guid: 898fad89cc8e8534683c8355b19a35e5,
        type: 3}
      propertyPath: m_LocalEulerAnglesHint.y
      value: 27.52
      objectReference: {fileID: 0}
    - target: {fileID: 8095115518428649805, guid: 898fad89cc8e8534683c8355b19a35e5,
        type: 3}
      propertyPath: m_LocalEulerAnglesHint.z
      value: 0
      objectReference: {fileID: 0}
    m_RemovedComponents: []
  m_SourcePrefab: {fileID: 100100000, guid: 898fad89cc8e8534683c8355b19a35e5, type: 3}
--- !u!4 &4754600136375587714 stripped
Transform:
  m_CorrespondingSourceObject: {fileID: 8095115518428649805, guid: 898fad89cc8e8534683c8355b19a35e5,
    type: 3}
  m_PrefabInstance: {fileID: 3579265553111567055}
  m_PrefabAsset: {fileID: 0}
--- !u!1001 &4269982156188178228
PrefabInstance:
  m_ObjectHideFlags: 0
  serializedVersion: 2
  m_Modification:
    m_TransformParent: {fileID: 4833016166050143441}
    m_Modifications:
    - target: {fileID: 8095115518428649798, guid: 898fad89cc8e8534683c8355b19a35e5,
        type: 3}
      propertyPath: m_Name
      value: StandartBox_wood (19)
      objectReference: {fileID: 0}
    - target: {fileID: 8095115518428649805, guid: 898fad89cc8e8534683c8355b19a35e5,
        type: 3}
      propertyPath: m_LocalPosition.x
      value: 3.6406226
      objectReference: {fileID: 0}
    - target: {fileID: 8095115518428649805, guid: 898fad89cc8e8534683c8355b19a35e5,
        type: 3}
      propertyPath: m_LocalPosition.y
      value: 3.4724486
      objectReference: {fileID: 0}
    - target: {fileID: 8095115518428649805, guid: 898fad89cc8e8534683c8355b19a35e5,
        type: 3}
      propertyPath: m_LocalPosition.z
      value: -8.207787
      objectReference: {fileID: 0}
    - target: {fileID: 8095115518428649805, guid: 898fad89cc8e8534683c8355b19a35e5,
        type: 3}
      propertyPath: m_LocalRotation.x
      value: -0
      objectReference: {fileID: 0}
    - target: {fileID: 8095115518428649805, guid: 898fad89cc8e8534683c8355b19a35e5,
        type: 3}
      propertyPath: m_LocalRotation.y
      value: 0.23785518
      objectReference: {fileID: 0}
    - target: {fileID: 8095115518428649805, guid: 898fad89cc8e8534683c8355b19a35e5,
        type: 3}
      propertyPath: m_LocalRotation.z
      value: -0
      objectReference: {fileID: 0}
    - target: {fileID: 8095115518428649805, guid: 898fad89cc8e8534683c8355b19a35e5,
        type: 3}
      propertyPath: m_LocalRotation.w
      value: 0.97130066
      objectReference: {fileID: 0}
    - target: {fileID: 8095115518428649805, guid: 898fad89cc8e8534683c8355b19a35e5,
        type: 3}
      propertyPath: m_RootOrder
      value: 23
      objectReference: {fileID: 0}
    - target: {fileID: 8095115518428649805, guid: 898fad89cc8e8534683c8355b19a35e5,
        type: 3}
      propertyPath: m_LocalEulerAnglesHint.x
      value: 0
      objectReference: {fileID: 0}
    - target: {fileID: 8095115518428649805, guid: 898fad89cc8e8534683c8355b19a35e5,
        type: 3}
      propertyPath: m_LocalEulerAnglesHint.y
      value: 27.52
      objectReference: {fileID: 0}
    - target: {fileID: 8095115518428649805, guid: 898fad89cc8e8534683c8355b19a35e5,
        type: 3}
      propertyPath: m_LocalEulerAnglesHint.z
      value: 0
      objectReference: {fileID: 0}
    m_RemovedComponents: []
  m_SourcePrefab: {fileID: 100100000, guid: 898fad89cc8e8534683c8355b19a35e5, type: 3}
--- !u!4 &5410413635961572985 stripped
Transform:
  m_CorrespondingSourceObject: {fileID: 8095115518428649805, guid: 898fad89cc8e8534683c8355b19a35e5,
    type: 3}
  m_PrefabInstance: {fileID: 4269982156188178228}
  m_PrefabAsset: {fileID: 0}
--- !u!1001 &4546388542664145349
PrefabInstance:
  m_ObjectHideFlags: 0
  serializedVersion: 2
  m_Modification:
    m_TransformParent: {fileID: 4833016166050143441}
    m_Modifications:
    - target: {fileID: 8095115518428649798, guid: 898fad89cc8e8534683c8355b19a35e5,
        type: 3}
      propertyPath: m_Name
      value: StandartBox_wood (16)
      objectReference: {fileID: 0}
    - target: {fileID: 8095115518428649805, guid: 898fad89cc8e8534683c8355b19a35e5,
        type: 3}
      propertyPath: m_LocalPosition.x
      value: 0.09321284
      objectReference: {fileID: 0}
    - target: {fileID: 8095115518428649805, guid: 898fad89cc8e8534683c8355b19a35e5,
        type: 3}
      propertyPath: m_LocalPosition.y
      value: 7.4724493
      objectReference: {fileID: 0}
    - target: {fileID: 8095115518428649805, guid: 898fad89cc8e8534683c8355b19a35e5,
        type: 3}
      propertyPath: m_LocalPosition.z
      value: -6.3595734
      objectReference: {fileID: 0}
    - target: {fileID: 8095115518428649805, guid: 898fad89cc8e8534683c8355b19a35e5,
        type: 3}
      propertyPath: m_LocalRotation.x
      value: -0
      objectReference: {fileID: 0}
    - target: {fileID: 8095115518428649805, guid: 898fad89cc8e8534683c8355b19a35e5,
        type: 3}
      propertyPath: m_LocalRotation.y
      value: 0.23785518
      objectReference: {fileID: 0}
    - target: {fileID: 8095115518428649805, guid: 898fad89cc8e8534683c8355b19a35e5,
        type: 3}
      propertyPath: m_LocalRotation.z
      value: -0
      objectReference: {fileID: 0}
    - target: {fileID: 8095115518428649805, guid: 898fad89cc8e8534683c8355b19a35e5,
        type: 3}
      propertyPath: m_LocalRotation.w
      value: 0.97130066
      objectReference: {fileID: 0}
    - target: {fileID: 8095115518428649805, guid: 898fad89cc8e8534683c8355b19a35e5,
        type: 3}
      propertyPath: m_RootOrder
      value: 22
      objectReference: {fileID: 0}
    - target: {fileID: 8095115518428649805, guid: 898fad89cc8e8534683c8355b19a35e5,
        type: 3}
      propertyPath: m_LocalEulerAnglesHint.x
      value: 0
      objectReference: {fileID: 0}
    - target: {fileID: 8095115518428649805, guid: 898fad89cc8e8534683c8355b19a35e5,
        type: 3}
      propertyPath: m_LocalEulerAnglesHint.y
      value: 27.52
      objectReference: {fileID: 0}
    - target: {fileID: 8095115518428649805, guid: 898fad89cc8e8534683c8355b19a35e5,
        type: 3}
      propertyPath: m_LocalEulerAnglesHint.z
      value: 0
      objectReference: {fileID: 0}
    m_RemovedComponents: []
  m_SourcePrefab: {fileID: 100100000, guid: 898fad89cc8e8534683c8355b19a35e5, type: 3}
--- !u!4 &5714967760641450120 stripped
Transform:
  m_CorrespondingSourceObject: {fileID: 8095115518428649805, guid: 898fad89cc8e8534683c8355b19a35e5,
    type: 3}
  m_PrefabInstance: {fileID: 4546388542664145349}
  m_PrefabAsset: {fileID: 0}
--- !u!1001 &5076716989634264356
PrefabInstance:
  m_ObjectHideFlags: 0
  serializedVersion: 2
  m_Modification:
    m_TransformParent: {fileID: 4833016166050143441}
    m_Modifications:
    - target: {fileID: 8095115518428649798, guid: 898fad89cc8e8534683c8355b19a35e5,
        type: 3}
      propertyPath: m_Name
      value: StandartBox_wood (7)
      objectReference: {fileID: 0}
    - target: {fileID: 8095115518428649805, guid: 898fad89cc8e8534683c8355b19a35e5,
        type: 3}
      propertyPath: m_LocalPosition.x
      value: -1.7545862
      objectReference: {fileID: 0}
    - target: {fileID: 8095115518428649805, guid: 898fad89cc8e8534683c8355b19a35e5,
        type: 3}
      propertyPath: m_LocalPosition.y
      value: 3.4724486
      objectReference: {fileID: 0}
    - target: {fileID: 8095115518428649805, guid: 898fad89cc8e8534683c8355b19a35e5,
        type: 3}
      propertyPath: m_LocalPosition.z
      value: -9.907188
      objectReference: {fileID: 0}
    - target: {fileID: 8095115518428649805, guid: 898fad89cc8e8534683c8355b19a35e5,
        type: 3}
      propertyPath: m_LocalRotation.x
      value: -0
      objectReference: {fileID: 0}
    - target: {fileID: 8095115518428649805, guid: 898fad89cc8e8534683c8355b19a35e5,
        type: 3}
      propertyPath: m_LocalRotation.y
      value: 0.23785518
      objectReference: {fileID: 0}
    - target: {fileID: 8095115518428649805, guid: 898fad89cc8e8534683c8355b19a35e5,
        type: 3}
      propertyPath: m_LocalRotation.z
      value: -0
      objectReference: {fileID: 0}
    - target: {fileID: 8095115518428649805, guid: 898fad89cc8e8534683c8355b19a35e5,
        type: 3}
      propertyPath: m_LocalRotation.w
      value: 0.97130066
      objectReference: {fileID: 0}
    - target: {fileID: 8095115518428649805, guid: 898fad89cc8e8534683c8355b19a35e5,
        type: 3}
      propertyPath: m_RootOrder
      value: 8
      objectReference: {fileID: 0}
    - target: {fileID: 8095115518428649805, guid: 898fad89cc8e8534683c8355b19a35e5,
        type: 3}
      propertyPath: m_LocalEulerAnglesHint.x
      value: 0
      objectReference: {fileID: 0}
    - target: {fileID: 8095115518428649805, guid: 898fad89cc8e8534683c8355b19a35e5,
        type: 3}
      propertyPath: m_LocalEulerAnglesHint.y
      value: 27.52
      objectReference: {fileID: 0}
    - target: {fileID: 8095115518428649805, guid: 898fad89cc8e8534683c8355b19a35e5,
        type: 3}
      propertyPath: m_LocalEulerAnglesHint.z
      value: 0
      objectReference: {fileID: 0}
    m_RemovedComponents: []
  m_SourcePrefab: {fileID: 100100000, guid: 898fad89cc8e8534683c8355b19a35e5, type: 3}
--- !u!4 &3901172365075555433 stripped
Transform:
  m_CorrespondingSourceObject: {fileID: 8095115518428649805, guid: 898fad89cc8e8534683c8355b19a35e5,
    type: 3}
  m_PrefabInstance: {fileID: 5076716989634264356}
  m_PrefabAsset: {fileID: 0}
--- !u!1001 &5484484381167964476
PrefabInstance:
  m_ObjectHideFlags: 0
  serializedVersion: 2
  m_Modification:
    m_TransformParent: {fileID: 4833016166050143441}
    m_Modifications:
    - target: {fileID: 8095115518428649798, guid: 898fad89cc8e8534683c8355b19a35e5,
        type: 3}
      propertyPath: m_Name
      value: StandartBox_wood (11)
      objectReference: {fileID: 0}
    - target: {fileID: 8095115518428649805, guid: 898fad89cc8e8534683c8355b19a35e5,
        type: 3}
      propertyPath: m_LocalPosition.x
      value: -0.8304756
      objectReference: {fileID: 0}
    - target: {fileID: 8095115518428649805, guid: 898fad89cc8e8534683c8355b19a35e5,
        type: 3}
      propertyPath: m_LocalPosition.y
      value: 3.4724486
      objectReference: {fileID: 0}
    - target: {fileID: 8095115518428649805, guid: 898fad89cc8e8534683c8355b19a35e5,
        type: 3}
      propertyPath: m_LocalPosition.z
      value: -8.133482
      objectReference: {fileID: 0}
    - target: {fileID: 8095115518428649805, guid: 898fad89cc8e8534683c8355b19a35e5,
        type: 3}
      propertyPath: m_LocalRotation.x
      value: -0
      objectReference: {fileID: 0}
    - target: {fileID: 8095115518428649805, guid: 898fad89cc8e8534683c8355b19a35e5,
        type: 3}
      propertyPath: m_LocalRotation.y
      value: 0.23785518
      objectReference: {fileID: 0}
    - target: {fileID: 8095115518428649805, guid: 898fad89cc8e8534683c8355b19a35e5,
        type: 3}
      propertyPath: m_LocalRotation.z
      value: -0
      objectReference: {fileID: 0}
    - target: {fileID: 8095115518428649805, guid: 898fad89cc8e8534683c8355b19a35e5,
        type: 3}
      propertyPath: m_LocalRotation.w
      value: 0.97130066
      objectReference: {fileID: 0}
    - target: {fileID: 8095115518428649805, guid: 898fad89cc8e8534683c8355b19a35e5,
        type: 3}
      propertyPath: m_RootOrder
      value: 18
      objectReference: {fileID: 0}
    - target: {fileID: 8095115518428649805, guid: 898fad89cc8e8534683c8355b19a35e5,
        type: 3}
      propertyPath: m_LocalEulerAnglesHint.x
      value: 0
      objectReference: {fileID: 0}
    - target: {fileID: 8095115518428649805, guid: 898fad89cc8e8534683c8355b19a35e5,
        type: 3}
      propertyPath: m_LocalEulerAnglesHint.y
      value: 27.52
      objectReference: {fileID: 0}
    - target: {fileID: 8095115518428649805, guid: 898fad89cc8e8534683c8355b19a35e5,
        type: 3}
      propertyPath: m_LocalEulerAnglesHint.z
      value: 0
      objectReference: {fileID: 0}
    m_RemovedComponents: []
  m_SourcePrefab: {fileID: 100100000, guid: 898fad89cc8e8534683c8355b19a35e5, type: 3}
--- !u!4 &4344687005783869553 stripped
Transform:
  m_CorrespondingSourceObject: {fileID: 8095115518428649805, guid: 898fad89cc8e8534683c8355b19a35e5,
    type: 3}
  m_PrefabInstance: {fileID: 5484484381167964476}
  m_PrefabAsset: {fileID: 0}
--- !u!1001 &5718972415587862275
PrefabInstance:
  m_ObjectHideFlags: 0
  serializedVersion: 2
  m_Modification:
    m_TransformParent: {fileID: 4833016166050143441}
    m_Modifications:
    - target: {fileID: 8095115518428649798, guid: 898fad89cc8e8534683c8355b19a35e5,
        type: 3}
      propertyPath: m_Name
      value: StandartBox_wood (4)
      objectReference: {fileID: 0}
    - target: {fileID: 8095115518428649805, guid: 898fad89cc8e8534683c8355b19a35e5,
        type: 3}
      propertyPath: m_LocalPosition.x
      value: -2.6787245
      objectReference: {fileID: 0}
    - target: {fileID: 8095115518428649805, guid: 898fad89cc8e8534683c8355b19a35e5,
        type: 3}
      propertyPath: m_LocalPosition.y
      value: 7.4724493
      objectReference: {fileID: 0}
    - target: {fileID: 8095115518428649805, guid: 898fad89cc8e8534683c8355b19a35e5,
        type: 3}
      propertyPath: m_LocalPosition.z
      value: -11.680899
      objectReference: {fileID: 0}
    - target: {fileID: 8095115518428649805, guid: 898fad89cc8e8534683c8355b19a35e5,
        type: 3}
      propertyPath: m_LocalRotation.x
      value: -0
      objectReference: {fileID: 0}
    - target: {fileID: 8095115518428649805, guid: 898fad89cc8e8534683c8355b19a35e5,
        type: 3}
      propertyPath: m_LocalRotation.y
      value: 0.23785518
      objectReference: {fileID: 0}
    - target: {fileID: 8095115518428649805, guid: 898fad89cc8e8534683c8355b19a35e5,
        type: 3}
      propertyPath: m_LocalRotation.z
      value: -0
      objectReference: {fileID: 0}
    - target: {fileID: 8095115518428649805, guid: 898fad89cc8e8534683c8355b19a35e5,
        type: 3}
      propertyPath: m_LocalRotation.w
      value: 0.97130066
      objectReference: {fileID: 0}
    - target: {fileID: 8095115518428649805, guid: 898fad89cc8e8534683c8355b19a35e5,
        type: 3}
      propertyPath: m_RootOrder
      value: 3
      objectReference: {fileID: 0}
    - target: {fileID: 8095115518428649805, guid: 898fad89cc8e8534683c8355b19a35e5,
        type: 3}
      propertyPath: m_LocalEulerAnglesHint.x
      value: 0
      objectReference: {fileID: 0}
    - target: {fileID: 8095115518428649805, guid: 898fad89cc8e8534683c8355b19a35e5,
        type: 3}
      propertyPath: m_LocalEulerAnglesHint.y
      value: 27.52
      objectReference: {fileID: 0}
    - target: {fileID: 8095115518428649805, guid: 898fad89cc8e8534683c8355b19a35e5,
        type: 3}
      propertyPath: m_LocalEulerAnglesHint.z
      value: 0
      objectReference: {fileID: 0}
    m_RemovedComponents: []
  m_SourcePrefab: {fileID: 100100000, guid: 898fad89cc8e8534683c8355b19a35e5, type: 3}
--- !u!4 &4542583568398704206 stripped
Transform:
  m_CorrespondingSourceObject: {fileID: 8095115518428649805, guid: 898fad89cc8e8534683c8355b19a35e5,
    type: 3}
  m_PrefabInstance: {fileID: 5718972415587862275}
  m_PrefabAsset: {fileID: 0}
--- !u!1001 &5789179913362247734
PrefabInstance:
  m_ObjectHideFlags: 0
  serializedVersion: 2
  m_Modification:
    m_TransformParent: {fileID: 4833016166050143441}
    m_Modifications:
    - target: {fileID: 8095115518428649798, guid: 898fad89cc8e8534683c8355b19a35e5,
        type: 3}
      propertyPath: m_Name
      value: StandartBox_wood (12)
      objectReference: {fileID: 0}
    - target: {fileID: 8095115518428649805, guid: 898fad89cc8e8534683c8355b19a35e5,
        type: 3}
      propertyPath: m_LocalPosition.x
      value: 0.94322866
      objectReference: {fileID: 0}
    - target: {fileID: 8095115518428649805, guid: 898fad89cc8e8534683c8355b19a35e5,
        type: 3}
      propertyPath: m_LocalPosition.y
      value: 3.4724486
      objectReference: {fileID: 0}
    - target: {fileID: 8095115518428649805, guid: 898fad89cc8e8534683c8355b19a35e5,
        type: 3}
      propertyPath: m_LocalPosition.z
      value: -9.057592
      objectReference: {fileID: 0}
    - target: {fileID: 8095115518428649805, guid: 898fad89cc8e8534683c8355b19a35e5,
        type: 3}
      propertyPath: m_LocalRotation.x
      value: -0
      objectReference: {fileID: 0}
    - target: {fileID: 8095115518428649805, guid: 898fad89cc8e8534683c8355b19a35e5,
        type: 3}
      propertyPath: m_LocalRotation.y
      value: 0.23785518
      objectReference: {fileID: 0}
    - target: {fileID: 8095115518428649805, guid: 898fad89cc8e8534683c8355b19a35e5,
        type: 3}
      propertyPath: m_LocalRotation.z
      value: -0
      objectReference: {fileID: 0}
    - target: {fileID: 8095115518428649805, guid: 898fad89cc8e8534683c8355b19a35e5,
        type: 3}
      propertyPath: m_LocalRotation.w
      value: 0.97130066
      objectReference: {fileID: 0}
    - target: {fileID: 8095115518428649805, guid: 898fad89cc8e8534683c8355b19a35e5,
        type: 3}
      propertyPath: m_RootOrder
      value: 17
      objectReference: {fileID: 0}
    - target: {fileID: 8095115518428649805, guid: 898fad89cc8e8534683c8355b19a35e5,
        type: 3}
      propertyPath: m_LocalEulerAnglesHint.x
      value: 0
      objectReference: {fileID: 0}
    - target: {fileID: 8095115518428649805, guid: 898fad89cc8e8534683c8355b19a35e5,
        type: 3}
      propertyPath: m_LocalEulerAnglesHint.y
      value: 27.52
      objectReference: {fileID: 0}
    - target: {fileID: 8095115518428649805, guid: 898fad89cc8e8534683c8355b19a35e5,
        type: 3}
      propertyPath: m_LocalEulerAnglesHint.z
      value: 0
      objectReference: {fileID: 0}
    m_RemovedComponents: []
  m_SourcePrefab: {fileID: 100100000, guid: 898fad89cc8e8534683c8355b19a35e5, type: 3}
--- !u!4 &2306103429983471995 stripped
Transform:
  m_CorrespondingSourceObject: {fileID: 8095115518428649805, guid: 898fad89cc8e8534683c8355b19a35e5,
    type: 3}
  m_PrefabInstance: {fileID: 5789179913362247734}
  m_PrefabAsset: {fileID: 0}
--- !u!1001 &6669911810034083740
PrefabInstance:
  m_ObjectHideFlags: 0
  serializedVersion: 2
  m_Modification:
    m_TransformParent: {fileID: 4833016166050143441}
    m_Modifications:
    - target: {fileID: 8095115518428649798, guid: 898fad89cc8e8534683c8355b19a35e5,
        type: 3}
      propertyPath: m_Name
      value: StandartBox_wood (9)
      objectReference: {fileID: 0}
    - target: {fileID: 8095115518428649805, guid: 898fad89cc8e8534683c8355b19a35e5,
        type: 3}
      propertyPath: m_LocalPosition.x
      value: -1.7545862
      objectReference: {fileID: 0}
    - target: {fileID: 8095115518428649805, guid: 898fad89cc8e8534683c8355b19a35e5,
        type: 3}
      propertyPath: m_LocalPosition.y
      value: 7.4724493
      objectReference: {fileID: 0}
    - target: {fileID: 8095115518428649805, guid: 898fad89cc8e8534683c8355b19a35e5,
        type: 3}
      propertyPath: m_LocalPosition.z
      value: -9.907188
      objectReference: {fileID: 0}
    - target: {fileID: 8095115518428649805, guid: 898fad89cc8e8534683c8355b19a35e5,
        type: 3}
      propertyPath: m_LocalRotation.x
      value: -0
      objectReference: {fileID: 0}
    - target: {fileID: 8095115518428649805, guid: 898fad89cc8e8534683c8355b19a35e5,
        type: 3}
      propertyPath: m_LocalRotation.y
      value: 0.23785518
      objectReference: {fileID: 0}
    - target: {fileID: 8095115518428649805, guid: 898fad89cc8e8534683c8355b19a35e5,
        type: 3}
      propertyPath: m_LocalRotation.z
      value: -0
      objectReference: {fileID: 0}
    - target: {fileID: 8095115518428649805, guid: 898fad89cc8e8534683c8355b19a35e5,
        type: 3}
      propertyPath: m_LocalRotation.w
      value: 0.97130066
      objectReference: {fileID: 0}
    - target: {fileID: 8095115518428649805, guid: 898fad89cc8e8534683c8355b19a35e5,
        type: 3}
      propertyPath: m_RootOrder
      value: 11
      objectReference: {fileID: 0}
    - target: {fileID: 8095115518428649805, guid: 898fad89cc8e8534683c8355b19a35e5,
        type: 3}
      propertyPath: m_LocalEulerAnglesHint.x
      value: 0
      objectReference: {fileID: 0}
    - target: {fileID: 8095115518428649805, guid: 898fad89cc8e8534683c8355b19a35e5,
        type: 3}
      propertyPath: m_LocalEulerAnglesHint.y
      value: 27.52
      objectReference: {fileID: 0}
    - target: {fileID: 8095115518428649805, guid: 898fad89cc8e8534683c8355b19a35e5,
        type: 3}
      propertyPath: m_LocalEulerAnglesHint.z
      value: 0
      objectReference: {fileID: 0}
    m_RemovedComponents: []
  m_SourcePrefab: {fileID: 100100000, guid: 898fad89cc8e8534683c8355b19a35e5, type: 3}
--- !u!4 &3226804803161210577 stripped
Transform:
  m_CorrespondingSourceObject: {fileID: 8095115518428649805, guid: 898fad89cc8e8534683c8355b19a35e5,
    type: 3}
  m_PrefabInstance: {fileID: 6669911810034083740}
  m_PrefabAsset: {fileID: 0}
--- !u!1001 &7154854847931360247
PrefabInstance:
  m_ObjectHideFlags: 0
  serializedVersion: 2
  m_Modification:
    m_TransformParent: {fileID: 4833016166050143441}
    m_Modifications:
    - target: {fileID: 8095115518428649798, guid: 898fad89cc8e8534683c8355b19a35e5,
        type: 3}
      propertyPath: m_Name
      value: StandartBox_wood (20)
      objectReference: {fileID: 0}
    - target: {fileID: 8095115518428649805, guid: 898fad89cc8e8534683c8355b19a35e5,
        type: 3}
      propertyPath: m_LocalPosition.x
      value: 1.8669083
      objectReference: {fileID: 0}
    - target: {fileID: 8095115518428649805, guid: 898fad89cc8e8534683c8355b19a35e5,
        type: 3}
      propertyPath: m_LocalPosition.y
      value: 3.4724486
      objectReference: {fileID: 0}
    - target: {fileID: 8095115518428649805, guid: 898fad89cc8e8534683c8355b19a35e5,
        type: 3}
      propertyPath: m_LocalPosition.z
      value: -7.283678
      objectReference: {fileID: 0}
    - target: {fileID: 8095115518428649805, guid: 898fad89cc8e8534683c8355b19a35e5,
        type: 3}
      propertyPath: m_LocalRotation.x
      value: -0
      objectReference: {fileID: 0}
    - target: {fileID: 8095115518428649805, guid: 898fad89cc8e8534683c8355b19a35e5,
        type: 3}
      propertyPath: m_LocalRotation.y
      value: 0.23785518
      objectReference: {fileID: 0}
    - target: {fileID: 8095115518428649805, guid: 898fad89cc8e8534683c8355b19a35e5,
        type: 3}
      propertyPath: m_LocalRotation.z
      value: -0
      objectReference: {fileID: 0}
    - target: {fileID: 8095115518428649805, guid: 898fad89cc8e8534683c8355b19a35e5,
        type: 3}
      propertyPath: m_LocalRotation.w
      value: 0.97130066
      objectReference: {fileID: 0}
    - target: {fileID: 8095115518428649805, guid: 898fad89cc8e8534683c8355b19a35e5,
        type: 3}
      propertyPath: m_RootOrder
      value: 20
      objectReference: {fileID: 0}
    - target: {fileID: 8095115518428649805, guid: 898fad89cc8e8534683c8355b19a35e5,
        type: 3}
      propertyPath: m_LocalEulerAnglesHint.x
      value: 0
      objectReference: {fileID: 0}
    - target: {fileID: 8095115518428649805, guid: 898fad89cc8e8534683c8355b19a35e5,
        type: 3}
      propertyPath: m_LocalEulerAnglesHint.y
      value: 27.52
      objectReference: {fileID: 0}
    - target: {fileID: 8095115518428649805, guid: 898fad89cc8e8534683c8355b19a35e5,
        type: 3}
      propertyPath: m_LocalEulerAnglesHint.z
      value: 0
      objectReference: {fileID: 0}
    m_RemovedComponents: []
  m_SourcePrefab: {fileID: 100100000, guid: 898fad89cc8e8534683c8355b19a35e5, type: 3}
--- !u!4 &1377123195066202810 stripped
Transform:
  m_CorrespondingSourceObject: {fileID: 8095115518428649805, guid: 898fad89cc8e8534683c8355b19a35e5,
    type: 3}
  m_PrefabInstance: {fileID: 7154854847931360247}
  m_PrefabAsset: {fileID: 0}
--- !u!1001 &7159271338215310533
PrefabInstance:
  m_ObjectHideFlags: 0
  serializedVersion: 2
  m_Modification:
    m_TransformParent: {fileID: 4833016166050143441}
    m_Modifications:
    - target: {fileID: 8095115518428649798, guid: 898fad89cc8e8534683c8355b19a35e5,
        type: 3}
      propertyPath: m_Name
      value: StandartBox_wood (8)
      objectReference: {fileID: 0}
    - target: {fileID: 8095115518428649805, guid: 898fad89cc8e8534683c8355b19a35e5,
        type: 3}
      propertyPath: m_LocalPosition.x
      value: 1.7928152
      objectReference: {fileID: 0}
    - target: {fileID: 8095115518428649805, guid: 898fad89cc8e8534683c8355b19a35e5,
        type: 3}
      propertyPath: m_LocalPosition.y
      value: 3.4724486
      objectReference: {fileID: 0}
    - target: {fileID: 8095115518428649805, guid: 898fad89cc8e8534683c8355b19a35e5,
        type: 3}
      propertyPath: m_LocalPosition.z
      value: -11.75539
      objectReference: {fileID: 0}
    - target: {fileID: 8095115518428649805, guid: 898fad89cc8e8534683c8355b19a35e5,
        type: 3}
      propertyPath: m_LocalRotation.x
      value: -0
      objectReference: {fileID: 0}
    - target: {fileID: 8095115518428649805, guid: 898fad89cc8e8534683c8355b19a35e5,
        type: 3}
      propertyPath: m_LocalRotation.y
      value: 0.23785518
      objectReference: {fileID: 0}
    - target: {fileID: 8095115518428649805, guid: 898fad89cc8e8534683c8355b19a35e5,
        type: 3}
      propertyPath: m_LocalRotation.z
      value: -0
      objectReference: {fileID: 0}
    - target: {fileID: 8095115518428649805, guid: 898fad89cc8e8534683c8355b19a35e5,
        type: 3}
      propertyPath: m_LocalRotation.w
      value: 0.97130066
      objectReference: {fileID: 0}
    - target: {fileID: 8095115518428649805, guid: 898fad89cc8e8534683c8355b19a35e5,
        type: 3}
      propertyPath: m_RootOrder
      value: 12
      objectReference: {fileID: 0}
    - target: {fileID: 8095115518428649805, guid: 898fad89cc8e8534683c8355b19a35e5,
        type: 3}
      propertyPath: m_LocalEulerAnglesHint.x
      value: 0
      objectReference: {fileID: 0}
    - target: {fileID: 8095115518428649805, guid: 898fad89cc8e8534683c8355b19a35e5,
        type: 3}
      propertyPath: m_LocalEulerAnglesHint.y
      value: 27.52
      objectReference: {fileID: 0}
    - target: {fileID: 8095115518428649805, guid: 898fad89cc8e8534683c8355b19a35e5,
        type: 3}
      propertyPath: m_LocalEulerAnglesHint.z
      value: 0
      objectReference: {fileID: 0}
    m_RemovedComponents: []
  m_SourcePrefab: {fileID: 100100000, guid: 898fad89cc8e8534683c8355b19a35e5, type: 3}
--- !u!4 &1372885357166894472 stripped
Transform:
  m_CorrespondingSourceObject: {fileID: 8095115518428649805, guid: 898fad89cc8e8534683c8355b19a35e5,
    type: 3}
  m_PrefabInstance: {fileID: 7159271338215310533}
  m_PrefabAsset: {fileID: 0}
--- !u!1001 &7646911862929636345
PrefabInstance:
  m_ObjectHideFlags: 0
  serializedVersion: 2
  m_Modification:
    m_TransformParent: {fileID: 4833016166050143441}
    m_Modifications:
    - target: {fileID: 8095115518428649798, guid: 898fad89cc8e8534683c8355b19a35e5,
        type: 3}
      propertyPath: m_Name
      value: StandartBox_wood (15)
      objectReference: {fileID: 0}
    - target: {fileID: 8095115518428649805, guid: 898fad89cc8e8534683c8355b19a35e5,
        type: 3}
      propertyPath: m_LocalPosition.x
      value: 2.7169363
      objectReference: {fileID: 0}
    - target: {fileID: 8095115518428649805, guid: 898fad89cc8e8534683c8355b19a35e5,
        type: 3}
      propertyPath: m_LocalPosition.y
      value: 3.4724486
      objectReference: {fileID: 0}
    - target: {fileID: 8095115518428649805, guid: 898fad89cc8e8534683c8355b19a35e5,
        type: 3}
      propertyPath: m_LocalPosition.z
      value: -9.981699
      objectReference: {fileID: 0}
    - target: {fileID: 8095115518428649805, guid: 898fad89cc8e8534683c8355b19a35e5,
        type: 3}
      propertyPath: m_LocalRotation.x
      value: -0
      objectReference: {fileID: 0}
    - target: {fileID: 8095115518428649805, guid: 898fad89cc8e8534683c8355b19a35e5,
        type: 3}
      propertyPath: m_LocalRotation.y
      value: 0.23785518
      objectReference: {fileID: 0}
    - target: {fileID: 8095115518428649805, guid: 898fad89cc8e8534683c8355b19a35e5,
        type: 3}
      propertyPath: m_LocalRotation.z
      value: -0
      objectReference: {fileID: 0}
    - target: {fileID: 8095115518428649805, guid: 898fad89cc8e8534683c8355b19a35e5,
        type: 3}
      propertyPath: m_LocalRotation.w
      value: 0.97130066
      objectReference: {fileID: 0}
    - target: {fileID: 8095115518428649805, guid: 898fad89cc8e8534683c8355b19a35e5,
        type: 3}
      propertyPath: m_RootOrder
      value: 14
      objectReference: {fileID: 0}
    - target: {fileID: 8095115518428649805, guid: 898fad89cc8e8534683c8355b19a35e5,
        type: 3}
      propertyPath: m_LocalEulerAnglesHint.x
      value: 0
      objectReference: {fileID: 0}
    - target: {fileID: 8095115518428649805, guid: 898fad89cc8e8534683c8355b19a35e5,
        type: 3}
      propertyPath: m_LocalEulerAnglesHint.y
      value: 27.52
      objectReference: {fileID: 0}
    - target: {fileID: 8095115518428649805, guid: 898fad89cc8e8534683c8355b19a35e5,
        type: 3}
      propertyPath: m_LocalEulerAnglesHint.z
      value: 0
      objectReference: {fileID: 0}
    m_RemovedComponents: []
  m_SourcePrefab: {fileID: 100100000, guid: 898fad89cc8e8534683c8355b19a35e5, type: 3}
--- !u!4 &1894020377547711156 stripped
Transform:
  m_CorrespondingSourceObject: {fileID: 8095115518428649805, guid: 898fad89cc8e8534683c8355b19a35e5,
    type: 3}
  m_PrefabInstance: {fileID: 7646911862929636345}
  m_PrefabAsset: {fileID: 0}
--- !u!1001 &7848341504265639840
PrefabInstance:
  m_ObjectHideFlags: 0
  serializedVersion: 2
  m_Modification:
    m_TransformParent: {fileID: 4833016166050143441}
    m_Modifications:
    - target: {fileID: 8095115518428649798, guid: 898fad89cc8e8534683c8355b19a35e5,
        type: 3}
      propertyPath: m_Name
      value: StandartBox_wood (5)
      objectReference: {fileID: 0}
    - target: {fileID: 8095115518428649805, guid: 898fad89cc8e8534683c8355b19a35e5,
        type: 3}
      propertyPath: m_LocalPosition.x
      value: -1.7545862
      objectReference: {fileID: 0}
    - target: {fileID: 8095115518428649805, guid: 898fad89cc8e8534683c8355b19a35e5,
        type: 3}
      propertyPath: m_LocalPosition.y
      value: 5.4724483
      objectReference: {fileID: 0}
    - target: {fileID: 8095115518428649805, guid: 898fad89cc8e8534683c8355b19a35e5,
        type: 3}
      propertyPath: m_LocalPosition.z
      value: -9.907188
      objectReference: {fileID: 0}
    - target: {fileID: 8095115518428649805, guid: 898fad89cc8e8534683c8355b19a35e5,
        type: 3}
      propertyPath: m_LocalRotation.x
      value: -0
      objectReference: {fileID: 0}
    - target: {fileID: 8095115518428649805, guid: 898fad89cc8e8534683c8355b19a35e5,
        type: 3}
      propertyPath: m_LocalRotation.y
      value: 0.23785518
      objectReference: {fileID: 0}
    - target: {fileID: 8095115518428649805, guid: 898fad89cc8e8534683c8355b19a35e5,
        type: 3}
      propertyPath: m_LocalRotation.z
      value: -0
      objectReference: {fileID: 0}
    - target: {fileID: 8095115518428649805, guid: 898fad89cc8e8534683c8355b19a35e5,
        type: 3}
      propertyPath: m_LocalRotation.w
      value: 0.97130066
      objectReference: {fileID: 0}
    - target: {fileID: 8095115518428649805, guid: 898fad89cc8e8534683c8355b19a35e5,
        type: 3}
      propertyPath: m_RootOrder
      value: 10
      objectReference: {fileID: 0}
    - target: {fileID: 8095115518428649805, guid: 898fad89cc8e8534683c8355b19a35e5,
        type: 3}
      propertyPath: m_LocalEulerAnglesHint.x
      value: 0
      objectReference: {fileID: 0}
    - target: {fileID: 8095115518428649805, guid: 898fad89cc8e8534683c8355b19a35e5,
        type: 3}
      propertyPath: m_LocalEulerAnglesHint.y
      value: 27.52
      objectReference: {fileID: 0}
    - target: {fileID: 8095115518428649805, guid: 898fad89cc8e8534683c8355b19a35e5,
        type: 3}
      propertyPath: m_LocalEulerAnglesHint.z
      value: 0
      objectReference: {fileID: 0}
    m_RemovedComponents: []
  m_SourcePrefab: {fileID: 100100000, guid: 898fad89cc8e8534683c8355b19a35e5, type: 3}
--- !u!4 &2070892392080494317 stripped
Transform:
  m_CorrespondingSourceObject: {fileID: 8095115518428649805, guid: 898fad89cc8e8534683c8355b19a35e5,
    type: 3}
  m_PrefabInstance: {fileID: 7848341504265639840}
  m_PrefabAsset: {fileID: 0}
--- !u!1001 &7966067019791170359
PrefabInstance:
  m_ObjectHideFlags: 0
  serializedVersion: 2
  m_Modification:
    m_TransformParent: {fileID: 4833016166050143441}
    m_Modifications:
    - target: {fileID: 8095115518428649798, guid: 667a19d4ecfec394281bac15e25246d2,
        type: 3}
      propertyPath: m_Name
      value: BlastBox
      objectReference: {fileID: 0}
    - target: {fileID: 8095115518428649805, guid: 667a19d4ecfec394281bac15e25246d2,
        type: 3}
      propertyPath: m_LocalPosition.x
      value: -0.90499693
      objectReference: {fileID: 0}
    - target: {fileID: 8095115518428649805, guid: 667a19d4ecfec394281bac15e25246d2,
        type: 3}
      propertyPath: m_LocalPosition.y
      value: 5.4724483
      objectReference: {fileID: 0}
    - target: {fileID: 8095115518428649805, guid: 667a19d4ecfec394281bac15e25246d2,
        type: 3}
      propertyPath: m_LocalPosition.z
      value: -12.60499
      objectReference: {fileID: 0}
    - target: {fileID: 8095115518428649805, guid: 667a19d4ecfec394281bac15e25246d2,
        type: 3}
      propertyPath: m_LocalRotation.x
      value: -0
      objectReference: {fileID: 0}
    - target: {fileID: 8095115518428649805, guid: 667a19d4ecfec394281bac15e25246d2,
        type: 3}
      propertyPath: m_LocalRotation.y
      value: 0.23785518
      objectReference: {fileID: 0}
    - target: {fileID: 8095115518428649805, guid: 667a19d4ecfec394281bac15e25246d2,
        type: 3}
      propertyPath: m_LocalRotation.z
      value: -0
      objectReference: {fileID: 0}
    - target: {fileID: 8095115518428649805, guid: 667a19d4ecfec394281bac15e25246d2,
        type: 3}
      propertyPath: m_LocalRotation.w
      value: 0.97130066
      objectReference: {fileID: 0}
    - target: {fileID: 8095115518428649805, guid: 667a19d4ecfec394281bac15e25246d2,
        type: 3}
      propertyPath: m_RootOrder
      value: 1
      objectReference: {fileID: 0}
    - target: {fileID: 8095115518428649805, guid: 667a19d4ecfec394281bac15e25246d2,
        type: 3}
      propertyPath: m_LocalEulerAnglesHint.x
      value: 0
      objectReference: {fileID: 0}
    - target: {fileID: 8095115518428649805, guid: 667a19d4ecfec394281bac15e25246d2,
        type: 3}
      propertyPath: m_LocalEulerAnglesHint.y
      value: 27.52
      objectReference: {fileID: 0}
    - target: {fileID: 8095115518428649805, guid: 667a19d4ecfec394281bac15e25246d2,
        type: 3}
      propertyPath: m_LocalEulerAnglesHint.z
      value: 0
      objectReference: {fileID: 0}
    m_RemovedComponents: []
  m_SourcePrefab: {fileID: 100100000, guid: 667a19d4ecfec394281bac15e25246d2, type: 3}
--- !u!4 &2223237881737667194 stripped
Transform:
  m_CorrespondingSourceObject: {fileID: 8095115518428649805, guid: 667a19d4ecfec394281bac15e25246d2,
    type: 3}
  m_PrefabInstance: {fileID: 7966067019791170359}
  m_PrefabAsset: {fileID: 0}
--- !u!1001 &8786263232723969520
PrefabInstance:
  m_ObjectHideFlags: 0
  serializedVersion: 2
  m_Modification:
    m_TransformParent: {fileID: 4833016166050143441}
    m_Modifications:
    - target: {fileID: 8095115518428649798, guid: 898fad89cc8e8534683c8355b19a35e5,
        type: 3}
      propertyPath: m_Name
      value: StandartBox_wood (18)
      objectReference: {fileID: 0}
    - target: {fileID: 8095115518428649805, guid: 898fad89cc8e8534683c8355b19a35e5,
        type: 3}
      propertyPath: m_LocalPosition.x
      value: 0.09321284
      objectReference: {fileID: 0}
    - target: {fileID: 8095115518428649805, guid: 898fad89cc8e8534683c8355b19a35e5,
        type: 3}
      propertyPath: m_LocalPosition.y
      value: 3.4724486
      objectReference: {fileID: 0}
    - target: {fileID: 8095115518428649805, guid: 898fad89cc8e8534683c8355b19a35e5,
        type: 3}
      propertyPath: m_LocalPosition.z
      value: -6.3595734
      objectReference: {fileID: 0}
    - target: {fileID: 8095115518428649805, guid: 898fad89cc8e8534683c8355b19a35e5,
        type: 3}
      propertyPath: m_LocalRotation.x
      value: -0
      objectReference: {fileID: 0}
    - target: {fileID: 8095115518428649805, guid: 898fad89cc8e8534683c8355b19a35e5,
        type: 3}
      propertyPath: m_LocalRotation.y
      value: 0.23785518
      objectReference: {fileID: 0}
    - target: {fileID: 8095115518428649805, guid: 898fad89cc8e8534683c8355b19a35e5,
        type: 3}
      propertyPath: m_LocalRotation.z
      value: -0
      objectReference: {fileID: 0}
    - target: {fileID: 8095115518428649805, guid: 898fad89cc8e8534683c8355b19a35e5,
        type: 3}
      propertyPath: m_LocalRotation.w
      value: 0.97130066
      objectReference: {fileID: 0}
    - target: {fileID: 8095115518428649805, guid: 898fad89cc8e8534683c8355b19a35e5,
        type: 3}
      propertyPath: m_RootOrder
      value: 19
      objectReference: {fileID: 0}
    - target: {fileID: 8095115518428649805, guid: 898fad89cc8e8534683c8355b19a35e5,
        type: 3}
      propertyPath: m_LocalEulerAnglesHint.x
      value: 0
      objectReference: {fileID: 0}
    - target: {fileID: 8095115518428649805, guid: 898fad89cc8e8534683c8355b19a35e5,
        type: 3}
      propertyPath: m_LocalEulerAnglesHint.y
      value: 27.52
      objectReference: {fileID: 0}
    - target: {fileID: 8095115518428649805, guid: 898fad89cc8e8534683c8355b19a35e5,
        type: 3}
      propertyPath: m_LocalEulerAnglesHint.z
      value: 0
      objectReference: {fileID: 0}
    m_RemovedComponents: []
  m_SourcePrefab: {fileID: 100100000, guid: 898fad89cc8e8534683c8355b19a35e5, type: 3}
--- !u!4 &700507067116911805 stripped
Transform:
  m_CorrespondingSourceObject: {fileID: 8095115518428649805, guid: 898fad89cc8e8534683c8355b19a35e5,
    type: 3}
  m_PrefabInstance: {fileID: 8786263232723969520}
  m_PrefabAsset: {fileID: 0}
--- !u!1001 &9195952598507443660
PrefabInstance:
  m_ObjectHideFlags: 0
  serializedVersion: 2
  m_Modification:
    m_TransformParent: {fileID: 4833016166050143441}
    m_Modifications:
    - target: {fileID: 8095115518428649798, guid: 898fad89cc8e8534683c8355b19a35e5,
        type: 3}
      propertyPath: m_Name
      value: StandartBox_wood (17)
      objectReference: {fileID: 0}
    - target: {fileID: 8095115518428649805, guid: 898fad89cc8e8534683c8355b19a35e5,
        type: 3}
      propertyPath: m_LocalPosition.x
      value: 0.09321284
      objectReference: {fileID: 0}
    - target: {fileID: 8095115518428649805, guid: 898fad89cc8e8534683c8355b19a35e5,
        type: 3}
      propertyPath: m_LocalPosition.y
      value: 5.4724483
      objectReference: {fileID: 0}
    - target: {fileID: 8095115518428649805, guid: 898fad89cc8e8534683c8355b19a35e5,
        type: 3}
      propertyPath: m_LocalPosition.z
      value: -6.3595734
      objectReference: {fileID: 0}
    - target: {fileID: 8095115518428649805, guid: 898fad89cc8e8534683c8355b19a35e5,
        type: 3}
      propertyPath: m_LocalRotation.x
      value: -0
      objectReference: {fileID: 0}
    - target: {fileID: 8095115518428649805, guid: 898fad89cc8e8534683c8355b19a35e5,
        type: 3}
      propertyPath: m_LocalRotation.y
      value: 0.23785518
      objectReference: {fileID: 0}
    - target: {fileID: 8095115518428649805, guid: 898fad89cc8e8534683c8355b19a35e5,
        type: 3}
      propertyPath: m_LocalRotation.z
      value: -0
      objectReference: {fileID: 0}
    - target: {fileID: 8095115518428649805, guid: 898fad89cc8e8534683c8355b19a35e5,
        type: 3}
      propertyPath: m_LocalRotation.w
      value: 0.97130066
      objectReference: {fileID: 0}
    - target: {fileID: 8095115518428649805, guid: 898fad89cc8e8534683c8355b19a35e5,
        type: 3}
      propertyPath: m_RootOrder
      value: 21
      objectReference: {fileID: 0}
    - target: {fileID: 8095115518428649805, guid: 898fad89cc8e8534683c8355b19a35e5,
        type: 3}
      propertyPath: m_LocalEulerAnglesHint.x
      value: 0
      objectReference: {fileID: 0}
    - target: {fileID: 8095115518428649805, guid: 898fad89cc8e8534683c8355b19a35e5,
        type: 3}
      propertyPath: m_LocalEulerAnglesHint.y
      value: 27.52
      objectReference: {fileID: 0}
    - target: {fileID: 8095115518428649805, guid: 898fad89cc8e8534683c8355b19a35e5,
        type: 3}
      propertyPath: m_LocalEulerAnglesHint.z
      value: 0
      objectReference: {fileID: 0}
    m_RemovedComponents: []
  m_SourcePrefab: {fileID: 100100000, guid: 898fad89cc8e8534683c8355b19a35e5, type: 3}
--- !u!4 &1137500330560113793 stripped
Transform:
  m_CorrespondingSourceObject: {fileID: 8095115518428649805, guid: 898fad89cc8e8534683c8355b19a35e5,
    type: 3}
  m_PrefabInstance: {fileID: 9195952598507443660}
  m_PrefabAsset: {fileID: 0}
